1811 2876
714 39 938 62 EPIPHANIFS
1501 46 1511 71 1
1527 45 1546 82 7

107 143 216 186 οὗτοί
256 142 352 185 εἰσιν
395 147 482 200 περὶ
523 144 575 186 ὢν
617 144 723 186 εἶπεν
765 143 785 185 ὁ
822 146 960 199 κὺριος
992 143 1050 186 ὅτι
1081 148 1328 200 ,,προσέχετε
1362 144 1442 186 ἀπὸ
1474 153 1548 186 τῶν

105 213 461 269 ψευδοπροφητῶν,
495 213 633 261 οἵτινες
665 214 854 270 ἔρχονται
886 216 986 267 πρὸς
1018 212 1124 268 ὑμᾶς
1157 213 1197 254 ἐν
1229 213 1421 269 ἐνδυμασι
1448 229 1548 269 προ-

107 283 250 335 βάτων,
292 281 374 323 ἔσω
416 282 458 322 δέ
500 280 575 323 εἱσι
615 283 732 323 λυκοι
774 281 995 336 ἅρπαγες“.
1068 284 1343 336 συγκρίνοντες
1383 284 1460 337 γὰρ
1500 285 1548 323 τὰ.

106 349 203 405 παρ’
235 348 363 391 αὐτῶν
395 349 586 406 εἰρημένα
617 353 687 392 καὶ
717 352 766 391 τά
796 352 901 391 κατὰ
932 353 1002 406 την
1034 352 1214 391 παλαιάν
1247 351 1452 406 διαθήκην
1479 355 1549 392 καὶ

105 420 247 474 καινὴν
288 418 328 459 ἐν
370 417 551 474 ἀληθεία
593 418 686 460 ὄντα
727 421 797 460 καὶ
837 419 878 459 ἐν
919 417 1099 474 ἀληθεία
1141 422 1334 474 γενόμενα
1375 422 1446 460 καὶ
1478 435 1548 461 πε-

106 491 415 544 προφητευμένα
448 489 733 542 δοκιμάσωμεν
766 490 862 528 ποία
896 489 1122 543 προφητεία
1155 491 1354 543 τυγχάνει,
1388 490 1483 528 ποία
1506 489 1549 528 δὲ

106 555 473 612 ψευδοπροφητεία.

219 638 244 673 4
277 621 417 670 Εὐθὺς
447 627 524 679 γάρ
557 623 577 665 ὁ
611 623 820 670 Μοντανός
853 638 994 680 φησιν’
1038 622 1177 671 ἰδοὺ,
1211 622 1230 664 ὁ
1265 623 1548 679 ἄνθρωπος

107 691 230 734 ὡσεὶ
275 693 430 747 λύρα,
476 692 617 746 κάγὼ
663 692 965 748 ἐφίπταμαι
1010 691 1134 733 ὡσεὶ
1176 693 1463 747 πλῆκτρον.
1528 691 1547 733 ὁ

56 760 391 815 ῑῡᾶνθρωπος
413 768 699 815 κοιμᾶται,
732 760 873 813 κάγὼ
895 768 1156 816 γρηγορῶ.
1200 759 1336 809 ἰδοὺ,
1363 762 1548 816 κὺριός

106 828 245 871 ἐστιν
282 828 303 870 ὁ
336 828 622 876 ἐξιστάνων
653 829 888 883 καρδίας
921 828 1213 883 ἀνθρώπων
1245 831 1333 870 καὶ
1365 830 1549 876 διδοὺς

105 898 333 952 καρδίαν
365 896 802 952 ἀνθρώποις...

220 965 269 1007 Εἰ
301 967 344 1006 δέ
369 967 598 1021 θελήσουσι
628 967 904 1020 παραπλέκειν
935 973 982 1021 τῇ
1015 965 1196 1022 ἀληθεία
1226 969 1269 1007 τὸ
1302 967 1448 1020 ψεῦδος
1480 969 1549 1007 καὶ

106 1033 288 1090 ανοητεῐν
319 1037 384 1076 τὸν
415 1040 506 1075 νοῦν
537 1037 602 1075 τὸν
632 1041 705 1089 τῆς
739 1033 947 1089 ἀκριβείας
979 1033 1282 1089 ἐπιμελόμενον,
1316 1033 1473 1080 ἑαυτοῖς
1505 1035 1547 1074 δὲ

73 1102 396 1158 Ξέπισωρεύουσι
441 1104 603 1155 λόγους,
651 1101 701 1143 δι’
749 1101 802 1143 ὧν
848 1103 1242 1157 παραποιητεὺονται
1289 1104 1358 1157 τὴν
1400 1102 1548 1143 ἑαυτῶν

107 1174 261 1228 πλάνην
284 1170 428 1227 ὁμοίαν
449 1173 534 1212 τινὰ
554 1170 658 1226 [ἕνα]
677 1173 872 1223 λέγοντες,
890 1169 954 1211 ἰ’να
976 1171 1025 1226 δὴ
1049 1174 1363 1225 παραστήσωσιν
1381 1169 1461 1211 ἀπὸ
1480 1177 1548 1211 τοῦ

105 1243 175 1296 τὴν
218 1239 335 1293 ἁγίαν
375 1242 535 1296 γραφὴν
579 1238 782 1295 εἰρηκέναι
825 1238 1050 1293 ,,ἐπέβαλεν
1082 1237 1102 1280 ὁ
1136 1241 1235 1286 θεὸς
1266 1239 1453 1280 ἔκστασιν
1485 1238 1550 1280 ἐπὶ

106 1313 171 1350 τὸν
203 1308 356 1364 Ἀδάμ,
403 1311 474 1349 καὶ
515 1304 715 1350 ῧπνωσε“.
779 1340 786 1348 .
822 1340 829 1347 .
863 1309 887 1347 ὁ
925 1307 1034 1348 ἀλλὰ
1076 1305 1150 1348 ουκ
1190 1306 1239 1363 ἦν
1281 1306 1321 1347 ἐν
1362 1306 1549 1348 ἐκστάσει

107 1384 258 1434 φρενῶν
308 1379 378 1418 καὶ
422 1378 714 1432 διανοημάτων.
782 1375 905 1422 εὒθὺς
949 1378 1025 1430 γὰρ
1069 1375 1247 1422 ἀναστὰς
1287 1374 1438 1428 ἐπέγνω
1480 1378 1550 1416 καὶ

55 1456 87 1474 ²0
106 1445 191 1488 εἶπε
234 1451 377 1495 ,,τοι”)το
419 1452 484 1487 νῦν
517 1444 659 1486 ὀστοῦν
691 1443 738 1486 ἐκ
769 1452 843 1485 τῶν
883 1443 1008 1485 ὀστῶν
1051 1459 1128 1499 μου
1169 1446 1239 1485 καὶ
1270 1444 1370 1498 σάρξ
1401 1443 1447 1484 ἐκ
1477 1450 1549 1499 τῆς

106 1518 262 1570 σαρκός
293 1529 392 1571 μου·
441 1511 540 1570 αὕτη
574 1515 829 1569 κληθήσεται
860 1516 972 1568 γονή,
1005 1511 1064 1554 ὅτι
1095 1511 1142 1554 ἐκ
1163 1519 1231 1553 τοῦ
1254 1511 1400 1566 ἀνδρὸς
1424 1510 1547 1566 αὐτῆς

105 1582 272 1641 ἐλήφθη
315 1580 458 1639 αὕτηίί.
521 1585 591 1624 καὶ
622 1581 832 1623 ἐπίσταται
861 1585 952 1636 γάρ,
996 1580 1050 1628 ὡς
1083 1580 1197 1635 ὁρᾷς,
1229 1583 1300 1621 καὶ
1330 1582 1378 1621 τά
1411 1587 1548 1634 πρῶτά

105 1655 176 1693 καὶ
206 1654 255 1693 τὰ
286 1655 467 1706 παρόντα
498 1654 568 1692 καὶ
600 1652 842 1706 προφητευει
874 1652 964 1704 περὶ
994 1657 1068 1691 τῶν
1101 1651 1339 1705 μελλόντων.
1372 1681 1380 1689 .
1416 1682 1422 1689 .

224 1734 244 1772 7
279 1719 327 1762 Εἰ
359 1721 403 1762 δὲ
433 1710 516 1762 καὶ·
537 1723 627 1775 περὶ
649 1725 717 1760 τοῦ
741 1718 847 1771 ,,ἐγῶ
871 1717 980 1759 εἷπον
1003 1717 1043 1759 ἐν
1064 1725 1111 1772 τῇ
1135 1717 1323 1759 ἐκστάσει
1345 1732 1435 1771 μου,
1468 1724 1547 1762 πᾶς

74 1799 85 1804 ”
108 1789 328 1845 ἅνθρωπος
373 1790 574 1844 ψευστης“
616 1790 791 1835 λεκτέον,
839 1787 954 1842 ἑτέρα
994 1787 1116 1827 πάλιν
1158 1784 1255 1841 αὕτη
1297 1784 1321 1841 η
1367 1786 1547 1839 δυναμις,

107 1856 185 1914 οὐχ
227 1859 270 1899 ὃν
315 1861 462 1912 τρόπον
503 1859 608 1903 τινὸς
646 1855 910 1912 αφράίνοντος
943 1854 1162 1910 ανθρώπου
1193 1857 1264 1896 καὶ
1296 1853 1546 1900 ἐκστατικοῦ,

107 1929 162 1982 μὴ
203 1930 370 1979 γένοιτο,
413 1925 523 1967 ἀλλὰ
565 1923 964 1980 ὁπερθαυμάζοντος,
1006 1926 1076 1965 καὶ
1117 1923 1406 1977 διανοουμένου
1448 1920 1546 1975 ὑπὲρ

107 1997 172 2036 τὸν
212 1997 318 2036 κατὰ
359 1997 429 2050 τὴν
470 1997 566 2049 συνή
605 2009 688 2035 ειαν
730 1995 924 2048 λογισμὸν
959 1999 1035 2033 τῶν
1067 1993 1305 2046 συμμέτρως
1337 1989 1547 2045 ὁρωμένων

106 2077 146 2103 τε
177 2065 248 2104 καὶ
278 2066 572 2118 πραττομένων.
620 2061 757 2117 ἐπειδὴ
790 2064 866 2116 γὰρ
899 2059 1134 2116 ἐθαυμασεν
1167 2058 1187 2100 ὁ
1220 2062 1445 2115 προφήτης,
1478 2060 1547 2098 καὶ

56 2140 89 2166 ³0
108 2131 174 2172 διὰ
216 2133 466 2187 θαυμασμὸν
507 2130 685 2172 ἐνταῦθα
725 2131 844 2182 λέγει.
905 2132 1092 2182 γεγόνασι
1132 2129 1175 2168 δέ
1219 2127 1257 2168 ἐν
1294 2126 1479 2168 ἐκστάσει
1511 2125 1547 2166 οἱ

86 2201 324 2257 ἱροφῆται,
357 2198 432 2242 οὐκ
464 2199 503 2242 ἐν
534 2198 722 2241 ἐκστάσει
753 2200 969 2253 λογισμῶν.
1025 2201 1162 2250 γέγονε
1193 2198 1269 2251 γὰρ
1301 2197 1371 2236 καὶ
1395 2194 1546 2248 Πέτρος

107 2267 148 2309 ἐν
178 2266 378 2317 ἐκστάσει,
410 2266 505 2325 οὐχὶ
537 2270 592 2323 μη
625 2268 954 2322 παρακολουθῶν
986 2273 1039 2320 τῷ
1071 2266 1193 2318 λόγῳ,
1221 2263 1314 2304 ἀλλ’
1338 2261 1441 2316 ὁρῶν
1463 2262 1547 2303 ἀντὶ

106 2343 179 2392 τῆς
218 2339 502 2394 καθημερινῆς
539 2335 797 2383 ἀκολουθίας
829 2334 947 2390 ἐ’τερα
978 2336 1091 2388 παρὰ
1121 2335 1170 2374 τὰ
1199 2339 1282 2379 τοῖς
1313 2331 1547 2385 ἀνθρώποις

108 2403 305 2460 ὁρώμενα.
339 2437 348 2446 .
383 2438 391 2446 .
423 2404 576 2458 ἐγένετο
609 2405 744 2445 δὲκαὶ
766 2403 962 2458 Ἀβραάμ
993 2402 1033 2444 ἐν
1064 2400 1264 2449 ἐκστάσει,
1297 2398 1372 2442 ουκ
1403 2399 1442 2440 ἐν
1477 2398 1545 2440 ἐκ-

225 2506 237 2529 1
267 2498 331 2529 Mt.
360 2506 389 2537 7,
420 2506 456 2539 15
507 2508 526 2539 4
551 2498 594 2530 τὰ
615 2500 649 2534 4-
671 2496 903 2528 Petav.Dind.
964 2502 1000 2534 17
1021 2495 1105 2526 Gen.
1129 2502 1158 2531 2,
1186 2501 1222 2524 21
1278 2501 1319 2523 20
1336 2492 1422 2523 Gen.
1449 2500 1478 2522 2.
1507 2499 1546 2531 23

109 2551 149 2573 22
168 2543 268 2574 Bam.
293 2551 356 2582 1,7
409 2552 450 2585 ²4
475 2543 532 2575 Ps.
562 2551 635 2584 115,
666 2551 700 2573 11
753 2550 794 2583 34
822 2542 905 2573 Gen.
937 2548 1054 2582 15,12

176 2608 201 2634 B
208 2617 225 2635 0
232 2617 249 2634 n
258 2618 284 2635 w
292 2617 307 2634 e
314 2613 325 2635 t
332 2618 367 2635 sc
375 2609 391 2635 h
403 2629 409 2641 ,
429 2609 517 2636 Texte
536 2618 584 2635 zur
607 2608 782 2635 Geschichte
801 2608 850 2634 des
869 2606 1092 2633 Montanismus.
1321 2615 1336 2636 2
