<?xml version="1.0" encoding="UTF-8"?>
<!DOCTYPE html PUBLIC "-//W3C//DTD XHTML 1.0 Transitional//EN"
    "http://www.w3.org/TR/xhtml1/DTD/xhtml1-transitional.dtd">
<html xmlns="http://www.w3.org/1999/xhtml" xml:lang="en" lang="en">
 <head>
  <title>
</title>
<meta http-equiv="Content-Type" content="text/html;charset=utf-8" />
  <meta name='ocr-system' content='tesseract 3.04.00' />
  <meta name='ocr-capabilities' content='ocr_page ocr_carea ocr_par ocr_line ocrx_word'/>
</head>
<body>
  <div class='ocr_page' id='page_1' title='image "./textezurgeschich00bonwuoft_0036.png"; bbox 0 0 1795 2860; ppageno 0'>
   <div class='ocr_carea' id='block_1_1' title="bbox 202 31 1360 75">
    <p class='ocr_par' dir='ltr' id='par_1_1' title="bbox 202 31 1360 75">
     <span class='ocr_line' id='line_1_1' title="bbox 202 31 1360 75; baseline 0.003 -23"><span class='ocrx_word' id='word_1_1' title='bbox 202 38 251 75; x_wconf 70' lang='lat'>32</span> <span class='ocrx_word' id='word_1_2' title='bbox 483 31 603 54; x_wconf 80' lang='lat' dir='ltr'>TEXTE</span> <span class='ocrx_word' id='word_1_3' title='bbox 629 31 701 54; x_wconf 89' lang='lat' dir='ltr'>ZUR</span> <span class='ocrx_word' id='word_1_4' title='bbox 728 31 965 55; x_wconf 84' lang='lat' dir='ltr'>GESCHICHTE</span> <span class='ocrx_word' id='word_1_5' title='bbox 989 31 1057 55; x_wconf 90' lang='lat' dir='ltr'>DES</span> <span class='ocrx_word' id='word_1_6' title='bbox 1082 32 1360 55; x_wconf 89' lang='lat' dir='ltr'>MONTANISMUS</span> 
     </span>
    </p>
   </div>
   <div class='ocr_carea' id='block_1_2' title="bbox 200 140 1701 816">
    <p class='ocr_par' dir='ltr' id='par_1_2' title="bbox 200 140 1701 816">
     <span class='ocr_line' id='line_1_2' title="bbox 200 140 1645 190; baseline 0.001 -13"><span class='ocrx_word' id='word_1_7' title='bbox 200 141 323 177; x_wconf 88' lang='lat' dir='ltr'>hodie</span> <span class='ocrx_word' id='word_1_8' title='bbox 353 151 464 177; x_wconf 87' lang='lat' dir='ltr'>soror</span> <span class='ocrx_word' id='word_1_9' title='bbox 485 141 593 188; x_wconf 85' lang='lat' dir='ltr'>apud</span> <span class='ocrx_word' id='word_1_10' title='bbox 625 151 699 176; x_wconf 90' lang='lat' dir='ltr'>nos</span> <span class='ocrx_word' id='word_1_11' title='bbox 730 140 1021 177; x_wconf 80' lang='lat' dir='ltr'>revelationum</span> <span class='ocrx_word' id='word_1_12' title='bbox 1043 140 1284 178; x_wconf 81' lang='lat' dir='ltr'>charismata</span> <span class='ocrx_word' id='word_1_13' title='bbox 1305 141 1453 185; x_wconf 87' lang='lat' dir='ltr'>sortita,</span> <span class='ocrx_word' id='word_1_14' title='bbox 1484 153 1584 190; x_wconf 85' lang='lat' dir='ltr'>quas</span> <span class='ocrx_word' id='word_1_15' title='bbox 1604 142 1645 178; x_wconf 92' lang='lat' dir='ltr'>in</span> 
     </span>
     <span class='ocr_line' id='line_1_3' title="bbox 201 196 1646 247; baseline 0.001 -13"><span class='ocrx_word' id='word_1_16' title='bbox 201 198 367 234; x_wconf 85' lang='lat' dir='ltr'>ecclesia</span> <span class='ocrx_word' id='word_1_17' title='bbox 397 197 499 233; x_wconf 89' lang='lat' dir='ltr'>inter</span> <span class='ocrx_word' id='word_1_18' title='bbox 520 196 721 233; x_wconf 89' lang='lat' dir='ltr'>dominica</span> <span class='ocrx_word' id='word_1_19' title='bbox 743 197 950 233; x_wconf 80' lang='lat' dir='ltr'>sollemnia</span> <span class='ocrx_word' id='word_1_20' title='bbox 972 209 1043 245; x_wconf 88' lang='lat' dir='ltr'>per</span> <span class='ocrx_word' id='word_1_21' title='bbox 1065 198 1234 235; x_wconf 85' lang='lat' dir='ltr'>ecstasin</span> <span class='ocrx_word' id='word_1_22' title='bbox 1256 197 1297 233; x_wconf 91' lang='lat' dir='ltr'>in</span> <span class='ocrx_word' id='word_1_23' title='bbox 1319 198 1457 246; x_wconf 86' lang='lat' dir='ltr'>spiritu</span> <span class='ocrx_word' id='word_1_24' title='bbox 1477 198 1646 247; x_wconf 89' lang='lat' dir='ltr'>patitur;</span> 
     </span>
     <span class='ocr_line' id='line_1_4' title="bbox 201 254 1647 303; baseline 0.001 -12"><span class='ocrx_word' id='word_1_25' title='bbox 201 260 458 291; x_wconf 81' lang='lat' dir='ltr'>conversatur</span> <span class='ocrx_word' id='word_1_26' title='bbox 479 266 569 290; x_wconf 92' lang='lat' dir='ltr'>cum</span> <span class='ocrx_word' id='word_1_27' title='bbox 592 254 752 303; x_wconf 87' lang='lat' dir='ltr'>angelis,</span> <span class='ocrx_word' id='word_1_28' title='bbox 779 254 998 303; x_wconf 87' lang='lat' dir='ltr'>aliquando</span> <span class='ocrx_word' id='word_1_29' title='bbox 1022 254 1143 290; x_wconf 90' lang='lat' dir='ltr'>etiam</span> <span class='ocrx_word' id='word_1_30' title='bbox 1165 267 1257 291; x_wconf 91' lang='lat' dir='ltr'>cum</span> <span class='ocrx_word' id='word_1_31' title='bbox 1279 254 1457 300; x_wconf 87' lang='lat' dir='ltr'>domino,</span> <span class='ocrx_word' id='word_1_32' title='bbox 1480 261 1519 292; x_wconf 91' lang='lat' dir='ltr'>et</span> <span class='ocrx_word' id='word_1_33' title='bbox 1538 255 1647 292; x_wconf 87' lang='lat' dir='ltr'>videt</span> 
     </span>
     <span class='ocr_line' id='line_1_5' title="bbox 202 311 1647 359; baseline 0.001 -11"><span class='ocrx_word' id='word_1_34' title='bbox 202 318 241 348; x_wconf 91' lang='lat' dir='ltr'>et</span> <span class='ocrx_word' id='word_1_35' title='bbox 261 312 371 348; x_wconf 88' lang='lat' dir='ltr'>audit</span> <span class='ocrx_word' id='word_1_36' title='bbox 402 317 663 355; x_wconf 89' lang='lat' dir='ltr'>sacramenta,</span> <span class='ocrx_word' id='word_1_37' title='bbox 697 317 734 348; x_wconf 92' lang='lat' dir='ltr'>et</span> <span class='ocrx_word' id='word_1_38' title='bbox 756 311 1010 359; x_wconf 85' lang='lat' dir='ltr'>quorundam</span> <span class='ocrx_word' id='word_1_39' title='bbox 1032 312 1155 348; x_wconf 91' lang='lat' dir='ltr'>corda</span> <span class='ocrx_word' id='word_1_40' title='bbox 1176 311 1347 348; x_wconf 83' lang='lat' dir='ltr'>dinoscit</span> <span class='ocrx_word' id='word_1_41' title='bbox 1368 318 1408 348; x_wconf 89' lang='lat' dir='ltr'>et</span> <span class='ocrx_word' id='word_1_42' title='bbox 1427 311 1647 349; x_wconf 87' lang='lat' dir='ltr'>medicinas</span> 
     </span>
     <span class='ocr_line' id='line_1_6' title="bbox 201 368 1698 418; baseline 0.001 -13"><span class='ocrx_word' id='word_1_43' title='bbox 201 368 519 405; x_wconf 79' lang='lat' dir='ltr'>desiderantibus</span> <span class='ocrx_word' id='word_1_44' title='bbox 541 368 746 404; x_wconf 87' lang='lat' dir='ltr'>submittit.</span> <span class='ocrx_word' id='word_1_45' title='bbox 783 368 862 404; x_wconf 89' lang='lat' dir='ltr'>iam</span> <span class='ocrx_word' id='word_1_46' title='bbox 880 380 974 405; x_wconf 88' lang='lat' dir='ltr'>vero</span> <span class='ocrx_word' id='word_1_47' title='bbox 997 374 1116 417; x_wconf 88' lang='lat' dir='ltr'>prout</span> <span class='ocrx_word' id='word_1_48' title='bbox 1137 369 1354 417; x_wconf 88' lang='lat' dir='ltr'>scripturae</span> <span class='ocrx_word' id='word_1_49' title='bbox 1375 369 1558 418; x_wconf 80' lang='lat' dir='ltr'>leguntur</span> <span class='ocrx_word' id='word_1_50' title='bbox 1578 374 1647 405; x_wconf 87' lang='lat' dir='ltr'>aut</span> <span class='ocrx_word' id='word_1_51' title='bbox 1685 384 1698 408; x_wconf 86' lang='lat'>5</span> 
     </span>
     <span class='ocr_line' id='line_1_7' title="bbox 202 425 1648 475; baseline 0.001 -13"><span class='ocrx_word' id='word_1_52' title='bbox 202 426 342 474; x_wconf 84' lang='lat' dir='ltr'>psalmi</span> <span class='ocrx_word' id='word_1_53' title='bbox 384 431 582 462; x_wconf 86' lang='lat' dir='ltr'>canuntur</span> <span class='ocrx_word' id='word_1_54' title='bbox 620 431 689 461; x_wconf 89' lang='lat' dir='ltr'>aut</span> <span class='ocrx_word' id='word_1_55' title='bbox 729 425 991 462; x_wconf 89' lang='lat' dir='ltr'>allocutiones</span> <span class='ocrx_word' id='word_1_56' title='bbox 1030 426 1287 473; x_wconf 86' lang='lat' dir='ltr'>proferuntur</span> <span class='ocrx_word' id='word_1_57' title='bbox 1326 431 1395 462; x_wconf 88' lang='lat' dir='ltr'>aut</span> <span class='ocrx_word' id='word_1_58' title='bbox 1434 426 1648 475; x_wconf 83' lang='lat' dir='ltr'>petitiones</span> 
     </span>
     <span class='ocr_line' id='line_1_8' title="bbox 202 482 1649 531; baseline 0.001 -13"><span class='ocrx_word' id='word_1_59' title='bbox 202 483 446 531; x_wconf 86' lang='lat' dir='ltr'>delegantur,</span> <span class='ocrx_word' id='word_1_60' title='bbox 478 482 532 519; x_wconf 91' lang='lat' dir='ltr'>ita</span> <span class='ocrx_word' id='word_1_61' title='bbox 563 483 659 519; x_wconf 89' lang='lat' dir='ltr'>inde</span> <span class='ocrx_word' id='word_1_62' title='bbox 690 483 879 519; x_wconf 88' lang='lat' dir='ltr'>materiae</span> <span class='ocrx_word' id='word_1_63' title='bbox 906 482 1122 519; x_wconf 81' lang='lat' dir='ltr'>visionibus</span> <span class='ocrx_word' id='word_1_64' title='bbox 1144 482 1501 520; x_wconf 81' lang='lat' dir='ltr'>subministrantur.</span> <span class='ocrx_word' id='word_1_65' title='bbox 1547 483 1649 520; x_wconf 86' lang='lat' dir='ltr'>forte</span> 
     </span>
     <span class='ocr_line' id='line_1_9' title="bbox 202 539 1649 589; baseline 0 -13"><span class='ocrx_word' id='word_1_66' title='bbox 202 540 338 577; x_wconf 86' lang='lat' dir='ltr'>nescio</span> <span class='ocrx_word' id='word_1_67' title='bbox 370 539 467 588; x_wconf 87' lang='lat' dir='ltr'>quid</span> <span class='ocrx_word' id='word_1_68' title='bbox 500 540 552 576; x_wconf 94' lang='lat' dir='ltr'>de</span> <span class='ocrx_word' id='word_1_69' title='bbox 582 540 716 577; x_wconf 89' lang='lat' dir='ltr'>anima</span> <span class='ocrx_word' id='word_1_70' title='bbox 748 539 1073 584; x_wconf 82' lang='lat' dir='ltr'>disserueramus,</span> <span class='ocrx_word' id='word_1_71' title='bbox 1107 551 1196 576; x_wconf 86' lang='lat' dir='ltr'>cum</span> <span class='ocrx_word' id='word_1_72' title='bbox 1229 551 1277 576; x_wconf 89' lang='lat' dir='ltr'>ea</span> <span class='ocrx_word' id='word_1_73' title='bbox 1307 551 1420 577; x_wconf 88' lang='lat' dir='ltr'>soror</span> <span class='ocrx_word' id='word_1_74' title='bbox 1449 540 1489 576; x_wconf 87' lang='lat' dir='ltr'>in</span> <span class='ocrx_word' id='word_1_75' title='bbox 1511 540 1649 589; x_wconf 84' lang='lat' dir='ltr'>spiritu</span> 
     </span>
     <span class='ocr_line' id='line_1_10' title="bbox 203 597 1650 646; baseline 0.001 -13"><span class='ocrx_word' id='word_1_76' title='bbox 203 603 318 633; x_wconf 84' lang='lat' dir='ltr'>esset.</span> <span class='ocrx_word' id='word_1_77' title='bbox 377 602 469 645; x_wconf 86' lang='lat' dir='ltr'>post</span> <span class='ocrx_word' id='word_1_78' title='bbox 504 602 703 633; x_wconf 88' lang='lat' dir='ltr'>transacta</span> <span class='ocrx_word' id='word_1_79' title='bbox 734 597 943 633; x_wconf 91' lang='lat' dir='ltr'>sollemnia</span> <span class='ocrx_word' id='word_1_80' title='bbox 975 597 1297 646; x_wconf 15' lang='lat' dir='ltr'>dimissarplebe,</span> <span class='ocrx_word' id='word_1_81' title='bbox 1331 608 1412 646; x_wconf 93' lang='lat' dir='ltr'>quo</span> <span class='ocrx_word' id='word_1_82' title='bbox 1443 609 1518 634; x_wconf 91' lang='lat' dir='ltr'>usu</span> <span class='ocrx_word' id='word_1_83' title='bbox 1549 598 1650 634; x_wconf 92' lang='lat' dir='ltr'>solet</span> 
     </span>
     <span class='ocr_line' id='line_1_11' title="bbox 202 652 1701 703; baseline 0 -13"><span class='ocrx_word' id='word_1_84' title='bbox 202 654 318 691; x_wconf 91' lang='lat' dir='ltr'>nobis</span> <span class='ocrx_word' id='word_1_85' title='bbox 349 654 576 690; x_wconf 88' lang='lat' dir='ltr'>renuntiare</span> <span class='ocrx_word' id='word_1_86' title='bbox 602 665 707 702; x_wconf 86' lang='lat' dir='ltr'>quae</span> <span class='ocrx_word' id='word_1_87' title='bbox 728 654 869 690; x_wconf 88' lang='lat' dir='ltr'>viderit</span> <span class='ocrx_word' id='word_1_88' title='bbox 891 652 1003 703; x_wconf 91' lang='lat' dir='ltr'>(nam</span> <span class='ocrx_word' id='word_1_89' title='bbox 1025 660 1064 690; x_wconf 86' lang='lat' dir='ltr'>et</span> <span class='ocrx_word' id='word_1_90' title='bbox 1085 653 1385 703; x_wconf 87' lang='lat' dir='ltr'>diligentissime</span> <span class='ocrx_word' id='word_1_91' title='bbox 1407 654 1648 703; x_wconf 85' lang='lat' dir='ltr'>digeruntur,</span> <span class='ocrx_word' id='word_1_92' title='bbox 1671 669 1701 686; x_wconf 83' lang='lat'>10</span> 
     </span>
     <span class='ocr_line' id='line_1_12' title="bbox 202 708 1650 763; baseline 0.001 -16"><span class='ocrx_word' id='word_1_93' title='bbox 202 717 244 748; x_wconf 85' lang='lat' dir='ltr'>ut</span> <span class='ocrx_word' id='word_1_94' title='bbox 266 711 384 747; x_wconf 86' lang='lat' dir='ltr'>etiam</span> <span class='ocrx_word' id='word_1_95' title='bbox 408 709 653 760; x_wconf 86' lang='lat' dir='ltr'>probentur),</span> <span class='ocrx_word' id='word_1_96' title='bbox 680 711 782 747; x_wconf 86' lang='lat' dir='ltr'>inter</span> <span class='ocrx_word' id='word_1_97' title='bbox 799 717 932 748; x_wconf 86' lang='lat' dir='ltr'>cetera</span> <span class='ocrx_word' id='word_1_98' title='bbox 953 708 1111 763; x_wconf 79' lang='lat' dir='ltr'>(inquit)</span> <span class='ocrx_word' id='word_1_99' title='bbox 1133 716 1295 748; x_wconf 88' lang='lat' dir='ltr'>ostensa</span> <span class='ocrx_word' id='word_1_100' title='bbox 1317 717 1377 748; x_wconf 91' lang='lat' dir='ltr'>est</span> <span class='ocrx_word' id='word_1_101' title='bbox 1397 711 1494 747; x_wconf 89' lang='lat' dir='ltr'>mihi</span> <span class='ocrx_word' id='word_1_102' title='bbox 1515 711 1650 748; x_wconf 86' lang='lat' dir='ltr'>anima</span> 
     </span>
     <span class='ocr_line' id='line_1_13' title="bbox 203 768 976 816; baseline 0.003 -13"><span class='ocrx_word' id='word_1_103' title='bbox 203 768 461 816; x_wconf 60' lang='lat' dir='ltr'>corporaliter</span> <span class='ocrx_word' id='word_1_104' title='bbox 493 775 531 805; x_wconf 85' lang='lat' dir='ltr'>et</span> <span class='ocrx_word' id='word_1_105' title='bbox 562 769 720 816; x_wconf 90' lang='lat' dir='ltr'>spiritus</span> <span class='ocrx_word' id='word_1_106' title='bbox 752 769 976 805; x_wconf 78' lang='lat' dir='ltr'>videbatur.</span> 
     </span>
    </p>
   </div>
   <div class='ocr_carea' id='block_1_3' title="bbox 319 958 1651 1097">
    <p class='ocr_par' dir='ltr' id='par_1_3' title="bbox 323 958 1651 1097">
     <span class='ocr_line' id='line_1_14' title="bbox 596 958 1244 1014; baseline 0.002 -14"><span class='ocrx_word' id='word_1_107' title='bbox 596 958 913 1002; x_wconf 74' lang='lat' dir='ltr'>MONTANOT</span> <span class='ocrx_word' id='word_1_108' title='bbox 944 959 992 1001; x_wconf 69' lang='grc' dir='ltr'>ἐν.</span> <span class='ocrx_word' id='word_1_109' title='bbox 1023 967 1098 1001; x_wconf 86' lang='grc' dir='ltr'>τῶν</span> <span class='ocrx_word' id='word_1_110' title='bbox 1132 959 1244 1014; x_wconf 70' lang='grc' dir='ltr'>ᾠδῶν</span> 
     </span>
     <span class='ocr_line' id='line_1_15' title="bbox 319 1039 1651 1097; baseline -0.001 -16.997"><span class='ocrx_word' id='word_1_111' title='bbox 319 1039 427 1081; x_wconf 81' lang='grc' dir='ltr'>Μίαν</span> <span class='ocrx_word' id='word_1_112' title='bbox 473 1039 492 1080; x_wconf 79' lang='grc' dir='ltr'><em>ὁ</em></span> <span class='ocrx_word' id='word_1_113' title='bbox 526 1039 701 1095; x_wconf 73' lang='grc' dir='ltr'>Χρωτὸς</span> <span class='ocrx_word' id='word_1_114' title='bbox 742 1040 830 1096; x_wconf 80' lang='grc' dir='ltr'>ἔχει</span> <span class='ocrx_word' id='word_1_115' title='bbox 870 1042 940 1096; x_wconf 79' lang='grc' dir='ltr'>τὴν</span> <span class='ocrx_word' id='word_1_116' title='bbox 982 1041 1098 1097; x_wconf 78' lang='grc' dir='ltr'>φύσιν</span> <span class='ocrx_word' id='word_1_117' title='bbox 1139 1042 1210 1081; x_wconf 79' lang='grc' dir='ltr'>καὶ</span> <span class='ocrx_word' id='word_1_118' title='bbox 1249 1042 1319 1095; x_wconf 84' lang='grc' dir='ltr'>τὴν</span> <span class='ocrx_word' id='word_1_119' title='bbox 1349 1039 1550 1094; x_wconf 69' lang='grc' dir='ltr'>ἐνέργειαν</span> <span class='ocrx_word' id='word_1_120' title='bbox 1581 1040 1651 1080; x_wconf 76' lang='grc' dir='ltr'>καὶ</span> 
     </span>
    </p>
   </div>
   <div class='ocr_carea' id='block_1_4' title="bbox 205 1096 1702 1211">
    <p class='ocr_par' dir='ltr' id='par_1_4' title="bbox 206 1096 1702 1210">
     <span class='ocr_line' id='line_1_16' title="bbox 206 1096 1702 1160; baseline -0.001 -22"><span class='ocrx_word' id='word_1_121' title='bbox 206 1100 282 1152; x_wconf 81' lang='grc' dir='ltr'>πρὸ</span> <span class='ocrx_word' id='word_1_122' title='bbox 313 1104 385 1160; x_wconf 84' lang='grc' dir='ltr'>τῆς</span> <span class='ocrx_word' id='word_1_123' title='bbox 418 1100 572 1152; x_wconf 71' lang='grc' dir='ltr'>σαρκὸς</span> <span class='ocrx_word' id='word_1_124' title='bbox 605 1100 676 1139; x_wconf 75' lang='grc' dir='ltr'>καὶ</span> <span class='ocrx_word' id='word_1_125' title='bbox 708 1100 808 1152; x_wconf 79' lang='grc' dir='ltr'>μετὰ</span> <span class='ocrx_word' id='word_1_126' title='bbox 838 1104 911 1153; x_wconf 85' lang='grc' dir='ltr'>τῆς</span> <span class='ocrx_word' id='word_1_127' title='bbox 937 1101 1108 1153; x_wconf 79' lang='grc' dir='ltr'>σαρκός,</span> <span class='ocrx_word' id='word_1_128' title='bbox 1138 1096 1204 1140; x_wconf 76' lang='grc' dir='ltr'>ἵνα</span> <span class='ocrx_word' id='word_1_129' title='bbox 1236 1099 1290 1153; x_wconf 82' lang='grc' dir='ltr'>μὴ</span> <span class='ocrx_word' id='word_1_130' title='bbox 1315 1096 1512 1153; x_wconf 83' lang='grc' dir='ltr'>διάφορος</span> <span class='ocrx_word' id='word_1_131' title='bbox 1532 1099 1650 1151; x_wconf 74' lang='grc' dir='ltr'>γένη-</span> <span class='ocrx_word' id='word_1_132' title='bbox 1671 1125 1702 1150; x_wconf 71' lang='lat'>15</span> 
     </span>
     <span class='ocr_line' id='line_1_17' title="bbox 205 1155 1026 1211; baseline 0 -16"><span class='ocrx_word' id='word_1_133' title='bbox 205 1170 281 1199; x_wconf 73' lang='grc' dir='ltr'>ται,</span> <span class='ocrx_word' id='word_1_134' title='bbox 316 1158 489 1210; x_wconf 77' lang='grc' dir='ltr'>ανόμοια</span> <span class='ocrx_word' id='word_1_135' title='bbox 520 1157 591 1196; x_wconf 72' lang='grc' dir='ltr'>καὶ</span> <span class='ocrx_word' id='word_1_136' title='bbox 623 1155 801 1211; x_wconf 74' lang='grc' dir='ltr'>διάφορα</span> <span class='ocrx_word' id='word_1_137' title='bbox 832 1158 1026 1210; x_wconf 76' lang='grc' dir='ltr'>πράττων.</span> 
     </span>
    </p>
   </div>
   <div class='ocr_carea' id='block_1_5' title="bbox 473 1352 1375 1392">
    <p class='ocr_par' dir='ltr' id='par_1_5' title="bbox 473 1352 1375 1392">
     <span class='ocr_line' id='line_1_18' title="bbox 473 1352 1375 1392; baseline -0.001 -2"><span class='ocrx_word' id='word_1_138' title='bbox 473 1353 625 1392; x_wconf 86' lang='lat' dir='ltr'><strong>ACTA</strong></span> <span class='ocrx_word' id='word_1_139' title='bbox 656 1352 1100 1391; x_wconf 84' lang='lat' dir='ltr'>DISPUTATIONIS</span> <span class='ocrx_word' id='word_1_140' title='bbox 1133 1352 1375 1390; x_wconf 88' lang='lat' dir='ltr'>ACHATII</span> 
     </span>
    </p>
   </div>
   <div class='ocr_carea' id='block_1_6' title="bbox 207 1431 1703 1598">
    <p class='ocr_par' dir='ltr' id='par_1_6' title="bbox 207 1431 1703 1598">
     <span class='ocr_line' id='line_1_19' title="bbox 325 1431 1651 1483; baseline -0.003 -12"><span class='ocrx_word' id='word_1_141' title='bbox 325 1446 362 1480; x_wconf 75' lang='grc'>4,</span> <span class='ocrx_word' id='word_1_142' title='bbox 398 1434 420 1471; x_wconf 81' lang='grc'>8</span> <span class='ocrx_word' id='word_1_143' title='bbox 455 1434 678 1472; x_wconf 86' lang='lat' dir='ltr'>Martianus</span> <span class='ocrx_word' id='word_1_144' title='bbox 720 1435 796 1471; x_wconf 86' lang='lat' dir='ltr'>ait:</span> <span class='ocrx_word' id='word_1_145' title='bbox 835 1434 1112 1483; x_wconf 86' lang='lat' dir='ltr'>Cataphryges</span> <span class='ocrx_word' id='word_1_146' title='bbox 1153 1433 1300 1482; x_wconf 87' lang='lat' dir='ltr'>aspice,</span> <span class='ocrx_word' id='word_1_147' title='bbox 1342 1432 1528 1469; x_wconf 89' lang='lat' dir='ltr'>homines</span> <span class='ocrx_word' id='word_1_148' title='bbox 1563 1431 1651 1468; x_wconf 88' lang='lat' dir='ltr'>reli-</span> 
     </span>
     <span class='ocr_line' id='line_1_20' title="bbox 207 1489 1654 1541; baseline -0.002 -13"><span class='ocrx_word' id='word_1_149' title='bbox 207 1492 335 1541; x_wconf 79' lang='lat' dir='ltr'>gionis</span> <span class='ocrx_word' id='word_1_150' title='bbox 357 1493 559 1541; x_wconf 86' lang='lat' dir='ltr'>antiquae,</span> <span class='ocrx_word' id='word_1_151' title='bbox 592 1493 645 1529; x_wconf 86' lang='lat' dir='ltr'>ad</span> <span class='ocrx_word' id='word_1_152' title='bbox 667 1504 758 1529; x_wconf 91' lang='lat' dir='ltr'>mea</span> <span class='ocrx_word' id='word_1_153' title='bbox 780 1503 893 1529; x_wconf 87' lang='lat' dir='ltr'>sacra</span> <span class='ocrx_word' id='word_1_154' title='bbox 915 1502 1132 1528; x_wconf 90' lang='lat' dir='ltr'>conversos</span> <span class='ocrx_word' id='word_1_155' title='bbox 1153 1490 1358 1539; x_wconf 87' lang='lat' dir='ltr'>reliquisse</span> <span class='ocrx_word' id='word_1_156' title='bbox 1375 1501 1480 1538; x_wconf 92' lang='lat' dir='ltr'>quae</span> <span class='ocrx_word' id='word_1_157' title='bbox 1496 1489 1654 1526; x_wconf 87' lang='lat' dir='ltr'>fuerant</span> 
     </span>
     <span class='ocr_line' id='line_1_21' title="bbox 209 1549 1703 1598; baseline 0.001 -12"><span class='ocrx_word' id='word_1_158' title='bbox 209 1557 247 1585; x_wconf 85' lang='lat' dir='ltr'>et</span> <span class='ocrx_word' id='word_1_159' title='bbox 279 1549 491 1586; x_wconf 89' lang='lat' dir='ltr'>nobiscum</span> <span class='ocrx_word' id='word_1_160' title='bbox 524 1550 597 1586; x_wconf 89' lang='lat' dir='ltr'>diis</span> <span class='ocrx_word' id='word_1_161' title='bbox 628 1555 723 1586; x_wconf 86' lang='lat' dir='ltr'>vota</span> <span class='ocrx_word' id='word_1_162' title='bbox 753 1549 990 1598; x_wconf 88' lang='lat' dir='ltr'>persolvere.</span> <span class='ocrx_word' id='word_1_163' title='bbox 1458 1577 1469 1586; x_wconf 82' lang='grc'><strong>.</strong></span> <span class='ocrx_word' id='word_1_164' title='bbox 1672 1570 1703 1587; x_wconf 83' lang='lat'>20</span> 
     </span>
    </p>
   </div>
   <div class='ocr_carea' id='block_1_7' title="bbox 213 1655 1651 1748">
    <p class='ocr_par' dir='ltr' id='par_1_7' title="bbox 213 1655 1651 1748">
     <span class='ocr_line' id='line_1_22' title="bbox 326 1655 1651 1704; baseline -0.006 -10"><span class='ocrx_word' id='word_1_165' title='bbox 326 1671 363 1703; x_wconf 84' lang='lat'>13</span> <span class='ocrx_word' id='word_1_166' title='bbox 400 1663 561 1694; x_wconf 85' lang='lat' dir='ltr'>Doctrina</span> <span class='ocrx_word' id='word_1_167' title='bbox 598 1668 730 1704; x_wconf 89' lang='lat' dir='ltr'>patrum</span> <span class='ocrx_word' id='word_1_168' title='bbox 766 1662 808 1692; x_wconf 93' lang='lat' dir='ltr'>de</span> <span class='ocrx_word' id='word_1_169' title='bbox 841 1661 1068 1692; x_wconf 84' lang='lat' dir='ltr'>incarnatione</span> <span class='ocrx_word' id='word_1_170' title='bbox 1101 1660 1195 1691; x_wconf 87' lang='lat' dir='ltr'>verbi</span> <span class='ocrx_word' id='word_1_171' title='bbox 1228 1659 1280 1690; x_wconf 93' lang='lat' dir='ltr'>ed.</span> <span class='ocrx_word' id='word_1_172' title='bbox 1313 1658 1485 1699; x_wconf 87' lang='lat' dir='ltr'>Diekamp</span> <span class='ocrx_word' id='word_1_173' title='bbox 1519 1667 1544 1688; x_wconf 90' lang='lat' dir='ltr'>s.</span> <span class='ocrx_word' id='word_1_174' title='bbox 1586 1655 1651 1696; x_wconf 85' lang='lat'>306</span> 
     </span>
     <span class='ocr_line' id='line_1_23' title="bbox 213 1705 1316 1748; baseline -0.005 -8"><span class='ocrx_word' id='word_1_175' title='bbox 213 1718 248 1748; x_wconf 74' lang='lat'>1,-</span> <span class='ocrx_word' id='word_1_176' title='bbox 277 1711 364 1740; x_wconf 80' lang='lat' dir='ltr'>Acta</span> <span class='ocrx_word' id='word_1_177' title='bbox 391 1714 487 1740; x_wconf 87' lang='lat' dir='ltr'>mart.</span> <span class='ocrx_word' id='word_1_178' title='bbox 515 1709 636 1740; x_wconf 85' lang='lat' dir='ltr'>selecta</span> <span class='ocrx_word' id='word_1_179' title='bbox 662 1708 714 1739; x_wconf 88' lang='lat' dir='ltr'>ed.</span> <span class='ocrx_word' id='word_1_180' title='bbox 742 1708 783 1739; x_wconf 92' lang='lat' dir='ltr'>O.</span> <span class='ocrx_word' id='word_1_181' title='bbox 810 1719 840 1739; x_wconf 86' lang='lat' dir='ltr'>v.</span> <span class='ocrx_word' id='word_1_182' title='bbox 868 1706 1044 1738; x_wconf 87' lang='lat' dir='ltr'>Gebhardt</span> <span class='ocrx_word' id='word_1_183' title='bbox 1069 1716 1095 1738; x_wconf 89' lang='lat' dir='ltr'>s.</span> <span class='ocrx_word' id='word_1_184' title='bbox 1126 1714 1199 1745; x_wconf 88' lang='lat'>119,</span> <span class='ocrx_word' id='word_1_185' title='bbox 1230 1705 1316 1736; x_wconf 84' lang='lat' dir='ltr'><strong>12ff.</strong></span> 
     </span>
    </p>
   </div>
   <div class='ocr_carea' id='block_1_8' title="bbox 370 2533 1476 2570">
    <p class='ocr_par' dir='ltr' id='par_1_8' title="bbox 370 2533 1476 2570">
     <span class='ocr_line' id='line_1_24' title="bbox 370 2533 1476 2570; baseline -0.006 -4"><span class='ocrx_word' id='word_1_186' title='bbox 370 2538 615 2566; x_wconf 84' lang='lat' dir='ltr'>Frommannsche</span> <span class='ocrx_word' id='word_1_187' title='bbox 632 2537 865 2564; x_wconf 85' lang='lat' dir='ltr'>Buchdruckerei</span> <span class='ocrx_word' id='word_1_188' title='bbox 886 2536 1049 2570; x_wconf 85' lang='lat' dir='ltr'>(Hermann</span> <span class='ocrx_word' id='word_1_189' title='bbox 1069 2535 1174 2566; x_wconf 86' lang='lat' dir='ltr'>Pohle)</span> <span class='ocrx_word' id='word_1_190' title='bbox 1195 2534 1223 2561; x_wconf 86' lang='lat' dir='ltr'>in</span> <span class='ocrx_word' id='word_1_191' title='bbox 1238 2533 1326 2568; x_wconf 82' lang='lat' dir='ltr'>Jena.</span> <span class='ocrx_word' id='word_1_192' title='bbox 1345 2548 1378 2554; x_wconf 97' lang='lat'><strong>—</strong></span> <span class='ocrx_word' id='word_1_193' title='bbox 1397 2541 1476 2568; x_wconf 80' lang='lat'><strong>4439.</strong></span> 
     </span>
    </p>
   </div>
  </div>
 </body>
</html>
