1811 2876
766 97 1010 121 PHILAS'I‘RIL'S
1551 99 1569 124 2
1585 100 1594 125 I

278 220 342 257 51,
377 219 440 256 35.
493 204 592 246 Εἶτά
622 219 723 251 τινες
755 204 795 250 ἐξ
828 201 955 244 αὐτῶν
989 204 1107 243 πάλιν
1138 200 1482 256 ἐπιλαμβάνονται
1513 201 1603 240 του-

161 290 231 317 του
263 279 332 316 τοῦ
365 273 488 330 ρητοῠ
520 273 560 314 ἐν
591 270 692 327 αὐτῇ
726 279 772 326 τῇ
806 271 1104 326 Ἀποκαλὺψει,
1135 272 1206 311 καὶ
1238 273 1464 326 φάσκουσιν
1498 267 1603 309 ἀντι-

162 345 347 395 λέγοντες
380 341 438 384 ὅτι
470 340 554 383 εἶπε
587 342 706 382 πάλιν
739 342 919 395 ,,γράψον
951 346 1003 393 τῷ
1032 337 1188 393 ἀγγέλῳ
1211 345 1282 394 τῆς
1304 337 1529 393 ἐκκλησίας
1550 344 1603 390 τῷ

162 410 202 453 ἐν
249 409 527 465 Θυατείροιςίῃ
574 411 644 451 καὶ
691 407 767 450 ουκ
813 408 868 449 ἔνι
909 407 992 449 ἐκεῖ
1029 405 1231 462 ἐκκλησία
1273 405 1522 460 Χριστιανῶν
1564 403 1604 444 ἐν

129 499 144 524 5
165 478 412 534 Θυατείροις.
461 485 545 525 πῶς
577 475 645 519 οὖν
676 477 848 533 ἔγραφεν
879 483 925 531 τῇ
960 478 1014 531 μὴ
1048 473 1173 530 οὔσης
1205 477 1275 516 καὶ
1296 472 1547 529 εὗρίσκονται
1568 471 1604 513 οἱ

162 553 334 589 τοιοῦτοι
376 546 544 593 ἑαυτοὺς
586 545 879 598 ἀναγκάζοντες
918 544 956 591 ἐξ
987 541 1115 585 αὐτῶν
1147 542 1200 584 ὧν
1231 545 1470 599 κηρυττουσι
1501 543 1605 583 κατὰ

161 622 235 672 τῆς
266 614 471 671 ἀληθείας
502 614 728 669 ὁμολογεῖν.
776 612 845 655 ἐὰν
875 615 952 667 γὰρ
985 611 1160 660 εἴπωσιν,
1193 610 1268 653 ουκ
1290 611 1346 652 ἔνι
1367 617 1431 651 νῦν
1453 609 1605 665 ἐκκλη-

163 687 233 726 σία
274 683 331 731 εὶς
368 683 583 739 Θυάτειρα,
626 683 852 724 δεικνὺουσι
892 684 1266 738 προπεφητευκεναι
1307 682 1372 721 τὸν
1404 679 1604 733 Ἰωάννην.

162 753 456 808 ἐνοικησάντων
494 754 571 807 γὰρ
612 753 758 792 τουτων
799 749 928 792 ἐκεῖσε
970 752 1039 791 καὶ
1080 756 1154 790 τῶν
1198 751 1302 790 κατὰ.
1335 747 1506 803 Φρυγας
1537 748 1607 786 καὶ

115 840 146 857 10
165 821 281 878 δίκην
324 823 455 862 λυκων
499 820 758 875 αρπαξάντων
789 822 860 866 τὰς
893 820 1074 865 διανοίας
1106 825 1181 859 τῶν
1213 818 1413 872 ἀκεραίων
1446 822 1604 862 πιστῶν,

165 893 410 946 μετήνεγκαν
455 892 525 945 τὴν
570 897 705 930 πᾶσαν
749 889 864 929 πόλιν
907 886 962 929 εἰς
1003 890 1072 943 την
1113 884 1242 928 αὐτῶν
1284 884 1448 940 αἵρεσιν,
1490 883 1532 926 οἵ
1566 899 1606 924 τε

167 959 405 1014 ἂρνοὺμενοι
435 961 505 1013 τὴν
538 957 822 1011 Ἀποκάλυψιν
853 959 959 997 κατὰ
991 962 1060 996 τοῦ
1093 957 1217 1009 λόγου
1247 956 1387 996 τουτου
1420 953 1475 1000 εἰς
1508 952 1606 994 ἀνα-

164 1030 316 1083 τροπὴν
361 1026 451 1068 κατ’
497 1026 626 1067 ἐκεῖνο
673 1031 817 1080 καιροῦ
863 1024 1160 1078 ἐστρατεῦοντο.
1232 1029 1295 1065 νῦν
1342 1024 1385 1064 δὲ
1432 1023 1497 1062 διὰ
1543 1024 1607 1062 τὸν

167 1094 340 1150 Χριστὸν
381 1094 421 1136 ἐν
460 1102 514 1148 τῷ
544 1098 680 1150 χρόνῳ
712 1095 851 1147 τούτῳ,
890 1096 989 1148 μετὰ
1019 1096 1168 1149 χρόνον
1199 1091 1274 1147 ριβ’
1308 1091 1416 1139 ἐτῶν,
1449 1091 1551 1132 ἔστιν
1582 1088 1605 1144 η

118 1182 150 1207 15
168 1163 371 1219 ἐκκλησία
407 1165 477 1205 καὶ
510 1162 632 1211 αὔξει,
664 1164 735 1203 καὶ
768 1161 893 1203 ἄλλαι
923 1165 1024 1208 τινὲς
1056 1161 1185 1202 ἐκεῖσε
1215 1163 1480 1216 τυγχάνουσι·
1524 1160 1608 1198 τότε

168 1233 211 1274 δὲ
242 1231 268 1288 ἡ
302 1239 416 1273 πᾶσα
448 1231 649 1287 ἐκκλησία
680 1230 862 1286 ἐκενώθη
897 1229 953 1277 εἷς
984 1233 1053 1286 τὴν
1084 1232 1189 1271 κατά
1222 1228 1405 1284 Φρυγας.
1448 1227 1508 1268 διὸ
1539 1228 1609 1266 καὶ

169 1301 397 1343 ἐσπουδασε
443 1303 487 1342 τὸ
519 1298 646 1351 ἅγιον
689 1306 844 1354 πνεῦμα
890 1298 1154 1354 ἀποκαλυψαι
1194 1297 1288 1353 ἡμῖν
1328 1305 1415 1353 πῶς
1456 1295 1608 1351 ἤμελλε

168 1371 406 1411 πλανᾶσθαι
435 1367 460 1424 ἡ
494 1367 696 1424 ἐκκλησία
719 1370 819 1423 μετὰ.
841 1370 906 1408 τὀν
927 1371 1075 1423 χρόνον
1097 1374 1172 1407 τῶν
1195 1366 1446 1412 ἀποστόλων,
1478 1369 1546 1404 τοῦ
1567 1378 1606 1403 τε

169 1437 356 1480 Ἰωάννου
386 1439 458 1479 καὶ
487 1444 561 1478 τῶν
592 1437 795 1492 καθεξῆς·
830 1437 874 1483 ὃς
905 1435 953 1492 ἦν
983 1438 1135 1491 χρόνος
1167 1437 1267 1491 μετά
1297 1437 1366 1489 την
1389 1439 1456 1474 τοῦ
1479 1438 1609 1487 σωτη-

120 1524 152 1541 20
171 1521 244 1562 ρος
275 1505 474 1562 ἀνάληψιν
505 1504 568 1546 ἐπὶ
600 1504 834 1561 ἐνενήκοντα
865 1507 987 1558 τρισὶν
1020 1504 1157 1555 ἔτεσιν,
1191 1502 1244 1550 ὡς
1278 1504 1509 1558 μελλουσης
1539 1507 1611 1556 τῆς

169 1574 300 1616 ἐκεῖσε
332 1574 556 1630 ἐκκλησίας
590 1575 827 1615 πλανᾶσθαι
859 1575 929 1613 καὶ
959 1574 1216 1628 χωνευεσθαι
1239 1571 1277 1613 ἐν
1300 1578 1345 1625 τῇ
1368 1572 1472 1612 κατὰ
1496 1567 1610 1624 Φρυ-

169 1659 246 1697 γας
277 1641 441 1698 αἱρέσει.

706 1870 1081 1907 PHILASTRIUS

290 1952 408 1990 Haer.
440 1963 505 1999 40.
550 1953 625 1989 Alii
657 1959 790 1988 autem
822 1957 911 2000 post
941 1951 1038 1988 istos
1060 1956 1325 1995 surrexerunt,
1358 1956 1446 1986 cata
1469 1949 1613 1998 Frigas,

123 2025 154 2050 25
173 2010 213 2047 in
243 2009 373 2060 Frigia
413 2009 616 2058 provincia
653 2009 890 2046 habitantes.
941 2009 1002 2045 isti
1035 2008 1252 2057 prophetas
1284 2014 1322 2044 et
1352 2007 1480 2055 legem
1511 2007 1612 2042 acci-

172 2067 299 2116 piunt,
328 2073 485 2116 patrem
517 2074 556 2104 et
586 2067 709 2102 filium
742 2073 780 2103 et
811 2065 990 2115 spiritum
1022 2065 1273 2108 confitentur,
1306 2065 1433 2101 carnis
1461 2075 1612 2100 surrec-

173 2124 328 2162 tionem
359 2130 583 2173 expectant,
617 2135 721 2172 quae
753 2131 792 2160 et
823 2122 1020 2160 catholica
1046 2122 1215 2159 ecclesia
1236 2122 1459 2170 praedicat:
1492 2132 1613 2169 quos-

173 2181 269 2218 dam
313 2188 448 2218 autem
487 2193 581 2218 suos
632 2181 847 2230 prophetas
888 2180 927 2216 id
975 2186 1032 2216 est
1074 2179 1318 2216 Montanum
1364 2179 1528 2215 nomine
1575 2184 1614 2213 et

174 2237 391 2276 Priscillam
430 2244 470 2275 et
501 2238 764 2275 Maximillam
805 2237 1054 2281 adnuntiant,
1097 2248 1198 2285 quos
1229 2248 1362 2284 neque
1392 2235 1614 2284 prophetae

174 2307 310 2344 neque
341 2295 523 2333 Christus
558 2295 765 2332 nuntiavit.
826 2295 983 2331 addunt
1014 2295 1134 2331 etiam
1165 2293 1457 2343 plenitudinem
1489 2292 1614 2329 sancti

125 2353 334 2402 3ospin'tus
373 2365 457 2390 non
497 2365 569 2401 per
603 2353 809 2401 apostolos
851 2352 991 2388 beatos
1023 2351 1182 2388 Christo
1214 2352 1337 2387 dante
1368 2350 1487 2386 fuisse
1517 2360 1614 2386 con-

175 2421 340 2454 cessam,
371 2410 443 2447 sed
474 2422 546 2459 per
576 2410 662 2447 illos
693 2421 786 2447 suos
818 2408 1196 2457 pseudoprophetas
1237 2407 1450 2444 aestimant
1481 2406 1613 2454 inper-

176 2467 302 2512 titam‚
343 2474 383 2503 et
423 2474 610 2515 separant
651 2479 693 2504 se
733 2478 756 2503 a
787 2466 984 2503 catholica
1016 2465 1182 2503 ecclesia
1213 2471 1376 2514 propter
1406 2464 1491 2500 illos
1522 2474 1615 2500 suos

295 2621 336 2644 20
362 2612 537 2660 ἀνάληψιν
556 2625 562 2644 ;
580 2613 738 2659 γέννησιν
762 2614 879 2645 Petav.
907 2614 1010 2645 Dind.
1085 2620 1125 2652 23
1153 2619 1222 2645 text
1247 2612 1332 2644 nach
1357 2612 1456 2643 Marx
