1795 2860
177 56 227 93 26
455 63 576 85 TExTE
602 63 673 85 ZUR
699 63 935 86 GEscHrcHTE
961 63 1028 87 DEs
1054 63 1327 88 MONTANISMUS

174 172 306 220 regula
347 171 503 219 agnitus
543 170 608 207 illa
648 171 771 207 multa
812 183 917 219 quae
957 178 1048 207 sunt
1084 172 1381 220 disciplinarum
1412 173 1613 220 revelabit,

175 229 297 265 fidem
341 229 499 264 dicente
539 239 612 276 pro
653 227 708 264 eis
747 227 971 277 integritate
1006 229 1328 276 praedicationis,
1368 229 1458 266 licet
1487 230 1612 275 novis,

173 286 265 334 quia
291 298 398 321 nunc
419 285 655 329 revelantur,
686 284 776 321 licet
797 286 988 329 onerosis,
1020 285 1114 334 quia
1135 297 1210 322 nec
1232 298 1339 323 nunc
1360 287 1614 332 sustinentur,

175 355 255 379 non
300 342 458 379 alterius
489 348 626 378 tamen
658 341 801 378 Christi
833 354 955 391 quam
986 343 1054 391 qui
1086 343 1236 380 habere
1266 355 1309 380 se
1340 344 1439 380 dixit
1470 349 1510 381 et
1539 344 1615 381 alia

174 400 297 436 multa
329 411 433 448 quae
464 411 488 436 a
518 399 720 447 paracleto
753 399 1028 444 edocerentur,
1060 411 1143 436 non
1173 400 1305 437 minus
1336 400 1418 438 istis
1445 413 1614 438 onerosa

176 469 296 505 quam
328 457 400 493 illis
431 468 454 492 a
487 456 630 505 quibus
662 457 846 493 nondum
877 462 972 492 tunc
1003 457 1311 494 sustinebantur.

292 524 338 559 14
372 514 410 550 Si
444 513 550 549 enim
574 513 751 550 Christus
773 514 932 550 abstulit
954 514 1065 562 quod
1089 513 1254 562 Moyses
1274 514 1489 563 praecepit,
1523 515 1615 563 quia

174 572 248 615 „ab
291 571 402 607 initio
444 583 528 607 non
559 571 630 606 fuit
661 570 749 614 sic“‚
781 582 857 607 nec
887 571 941 607 sic
973 571 1065 608 ideo
1097 572 1148 607 ab
1181 571 1256 609 alia
1286 571 1443 608 venisse
1473 571 1616 608 virtute

175 628 419 676 reputabitur
451 627 642 672 Christus,
683 640 752 663 cur
790 639 873 664 non
915 633 954 665 et
993 628 1216 677 paracletus
1256 629 1461 665 abstulerit
1504 629 1615 678 quod

174 685 316 722 Paulus
348 685 521 729 indulsit,
554 684 647 733 quia
679 690 717 721 et
747 685 969 722 secundum
1001 686 1300 722 matrimonium
1326 686 1377 722 ab
1399 685 1510 723 initio
1531 698 1614 722 non

173 743 253 786 fuit,
295 754 370 779 nec
412 743 505 779 ideo
537 747 744 790 suspectus
776 742 986 779 habendus
1017 743 1075 788 sit,
1118 742 1232 791 quasi
1262 742 1418 792 spiritus
1449 743 1614 787 alienus,

173 806 327 836 tautum
369 806 411 835 ut
452 799 544 836 Deo
586 805 625 836 et
657 798 816 836 Christo
860 799 1025 848 dignum
1067 800 1114 836 sit
1155 800 1266 849 quod
1307 799 1614 848 superducitur?

172 857 200 893 si
226 857 314 893 Deo
348 863 385 893 et
408 856 566 894 Christo
599 856 763 905 dignum
796 856 869 892 fuit
891 857 1075 894 duritiam
1098 857 1228 894 cordis
1249 862 1434 906 tempore
1456 857 1616 906 expleto

171 926 440 962 compescere,
473 926 541 950 cur
571 925 654 951 non
680 914 836 962 dignius
859 914 908 950 sit
930 919 968 950 et
990 914 1082 951 Deo
1105 920 1144 951 et
1165 913 1323 951 Christo
1343 914 1616 951 infirmitatem

171 972 298 1008 carnis
329 978 511 1019 tempore
543 971 621 1007 iam
649 971 873 1007 collectiore
894 971 1121 1008 discutere?
1155 1001 1162 1008 .
1196 1001 1202 1007 .
1235 1001 1241 1008 .
1274 972 1453 1021 regnavit
1474 972 1617 1008 duritia

171 1029 301 1065 cordis
332 1041 460 1077 usque
486 1030 538 1065 ad
563 1028 775 1073 Christum,
808 1029 1031 1077 regnaverit
1051 1034 1090 1065 et
1110 1028 1318 1065 infirmitas
1340 1029 1467 1066 carnis
1488 1040 1617 1078 usque

170 1087 221 1122 ad
254 1087 511 1134 paracletum.
553 1097 660 1122 nova
680 1085 742 1122 lex
765 1085 924 1123 abstulit
940 1086 1152 1134 repudium
1173 1108 1220 1112 ——
1240 1086 1380 1123 habuit
1412 1086 1524 1135 quod
1545 1098 1617 1122 au-

172 1144 289 1180 ferret
316 1166 370 1168 —
397 1155 502 1180 nova
533 1143 744 1191 prophetia
773 1144 997 1180 secundum
1033 1143 1343 1188 matrimonium,
1374 1155 1457 1180 non
1489 1143 1619 1179 minus

171 1200 382 1248 repudium
424 1201 573 1249 prioris.
607 1230 613 1236 .
647 1230 653 1236 .
688 1230 694 1235 .
728 1205 766 1237 et
808 1212 1020 1249 quousque
1056 1200 1263 1237 infirmitas
1298 1200 1372 1237 ista
1402 1201 1616 1249 impuden-

171 1258 319 1294 tissima
365 1259 403 1293 in
450 1258 720 1306 expugnando
768 1257 933 1295 meliora
972 1258 1273 1306 perseverabit?
1320 1263 1479 1306 tempus
1521 1258 1615 1302 eius,

171 1316 301 1352 donec
323 1315 547 1363 paracletus
570 1321 811 1363 operaretur,
839 1315 921 1360 fuit,
944 1315 982 1351 in
1005 1326 1126 1363 quem
1148 1315 1271 1352 dilata
1291 1321 1385 1352 sunt
1405 1327 1428 1351 a
1450 1315 1616 1352 domino

171 1384 275 1420 quae
306 1378 399 1409 tunc
431 1372 613 1409 sustineri
644 1384 727 1408 non
759 1378 956 1420 poterant,
994 1384 1100 1420 quae
1131 1372 1209 1408 iam
1241 1372 1394 1409 nemini
1425 1372 1618 1420 competit

170 1435 329 1478 portare
370 1442 452 1465 non
493 1442 624 1478 posse,
667 1429 760 1478 quia
790 1441 860 1479 per
892 1441 1014 1478 quem
1046 1430 1163 1466 datur
1192 1435 1352 1479 portare
1382 1441 1503 1478 posse
1533 1441 1616 1466 non

171 1488 294 1524 deest.
328 1516 336 1524 .

290 1554 335 1592 15
371 1543 487 1590 Quae
532 1544 646 1592 igitur
688 1544 751 1580 hic
793 1544 934 1580 duritia
976 1549 1132 1588 nostra,
1180 1544 1212 1580 si
1252 1555 1336 1580 non
1376 1543 1613 1593 facientibus

172 1602 416 1638 voluntatem
464 1601 540 1638 Dei
586 1601 890 1637 renuntiamus?
942 1613 1046 1650 quae
1097 1601 1289 1645 haeresis,
1341 1601 1373 1637 si
1418 1601 1616 1637 secundas

171 1659 338 1707 nuptias,
371 1665 414 1694 ut
445 1658 595 1695 illicitas
627 1658 734 1694 iuxta
760 1658 998 1695 adulterium
1020 1658 1272 1695 iudicamus?
1305 1658 1401 1707 quid
1429 1658 1536 1694 enim
1559 1664 1617 1695 est

169 1716 406 1752 adulterium
448 1716 522 1752 nisi
565 1715 863 1752 matrimonium
896 1715 1101 1752 illicitum?
1144 1721 1260 1752 notat
1290 1715 1507 1764 apostolus,
1549 1715 1616 1764 qui

171 1773 208 1808 in
250 1779 379 1809 totum
422 1773 574 1810 nubere
614 1773 894 1821 prohibebant,
937 1773 1004 1821 qui
1036 1779 1075 1809 et
1106 1773 1157 1809 de
1187 1772 1283 1809 cibis
1313 1772 1616 1818 interdicebant,

171 1842 272 1878 quos
304 1830 416 1867 Deus
449 1830 639 1867 condidit.
700 1842 774 1867 nos
805 1842 899 1867 vero
931 1842 1015 1866 non
1046 1830 1170 1879 magis
1201 1829 1360 1878 nuptias
1390 1829 1615 1874 auferimus,
1640 1844 1649 1852 “

170 1888 198 1924 si
231 1888 429 1925 secundas
461 1899 699 1932 recusamus,
735 1900 858 1936 quam
890 1888 1000 1924 cibos
1030 1888 1302 1936 reprobamus,
1335 1899 1425 1924 cum
1457 1887 1616 1935 saepius

172 1946 405 1982 ieiunamus.

284 2003 344 2038 De
383 2002 519 2038 ieiunio
566 2002 738 2038 adversus
774 2002 978 2050 psychicos.
1057 2013 1069 2038 1
1109 2001 1276 2039 Mirarer
1314 2000 1538 2049 psychicos,
1584 2000 1615 2038 Si

169 2061 254 2097 sola
294 2060 448 2096 luxuria
488 2065 727 2103 tenerentur,
771 2071 850 2108 qua
891 2059 1049 2108 saepius
1090 2059 1258 2103 nubunt,
1299 2059 1330 2095 si
1371 2070 1454 2094 non
1495 2058 1614 2094 etiam

170 2118 342 2165 ingluvie
373 2117 652 2161 lacerarentur,
685 2129 764 2165 qua
795 2116 941 2153 ieiunia
973 2117 1155 2153 oderunt.
1215 2121 1437 2152 monstrum
1469 2115 1615 2152 scilicet

170 2176 383 2212 haberetur
423 2174 547 2210 libido
588 2174 673 2210 sine
712 2173 814 2222 gula,
856 2186 948 2210 cum
989 2174 1071 2210 duo
1103 2173 1204 2210 haec
1235 2178 1317 2209 tarn
1349 2172 1461 2209 unita
1492 2177 1615 2220 atque

169 2239 353 2269 concreta
381 2231 470 2276 sint,
502 2237 545 2267 ut
566 2231 596 2268 si
619 2231 788 2279 disiungi
810 2231 976 2267 omnino
998 2230 1232 2279 potuissent,
1264 2229 1338 2278 ipsi
1359 2229 1466 2278 prius
1488 2230 1616 2266 ventri

169 2290 363 2338 pudenda
403 2301 486 2326 non
522 2288 798 2325 adhaererent.
859 2293 996 2336 specta
1029 2299 1184 2336 corpus,
1227 2294 1266 2323 et
1296 2298 1377 2323 una
1406 2286 1514 2335 regio
1547 2292 1614 2324 est.

169 2347 346 2395 denique
386 2358 458 2395 pro
501 2345 766 2394 dispositione
806 2345 1079 2382 membrorum
1115 2345 1216 2381 ordo
1248 2343 1444 2381 vitiorum.
1509 2344 1616 2392 prior

170 2411 318 2448 venter,
361 2411 399 2440 et
439 2403 572 2440 statim
615 2408 745 2440 cetera
781 2402 944 2452 saginae
974 2402 1200 2440 substructa
1230 2401 1390 2438 lascivia
1422 2406 1481 2438 est
1492 2414 1500 2448 ;
1542 2412 1614 2450 per

286 2546 300 2577 7
338 2539 401 2569 Mt.
435 2547 483 2577 19,
510 2538 528 2569 8
629 2546 665 2579 15
706 2547 717 2568 1
748 2538 825 2569 Cor.
854 2545 883 2577 7,
911 2546 952 2578 29
1049 2546 1085 2567 21
1123 2542 1279 2579 operatur
1375 2545 1414 2566 22
1448 2535 1614 2567 sustinere

173 2592 207 2613 21
234 2584 312 2624 Joh.
345 2583 394 2621 16,
427 2585 498 2615 12f.
550 2592 591 2623 29
621 2592 632 2614 1
663 2585 751 2614 Tim.
780 2594 810 2624 4,
839 2591 856 2624 3
907 2591 948 2624 33
977 2583 1066 2625 Opp.
1093 2583 1145 2614 ed.
1172 2581 1613 2614 Reifferscheid-Wissowa

1636 701 1667 718 10

1638 985 1669 1010 15

1639 1268 1669 1285 20

1635 1552 1667 1578 ²5

1636 2129 1667 2155 35

1634 2414 1666 2440 50
