1795 2860
130 710 166 739 18

131 991 168 1020 19

128 1403 169 1425 20

131 1883 164 1904 21

194 112 216 148 8
480 117 600 140 TEXTE
626 117 698 139 ZUR
724 116 961 140 GESCHICHTE
988 116 1054 139 DES
1080 116 1353 139 MONTANISMUS

192 226 281 264 καὶ
313 222 564 278 δυναμις’,
607 221 716 263 ἀλλὰ
746 224 816 277 τὴν
848 221 887 263 ἐν
919 230 973 276 τῷ
1018 223 1211 277 πνευματι
1252 222 1416 277 δι’)ναμιν
1456 220 1634 276 ἐναργῶς

194 293 357 339 δειξάτω
401 293 470 332 καὶ
502 290 699 343 ἐλεγξάτω
731 293 800 332 καὶ
841 289 1180 345 ἐξομολογεῖσθαι
1212 290 1278 331 διὰ
1307 295 1377 331 τοῦ
1407 291 1634 345 πνευματος

192 363 541 413 καταναγκασάτω
583 360 676 406 τοὺς
721 363 806 400 τότε
853 362 1058 414 παρόντας
1104 357 1161 405 εἷς
1207 360 1250 399 τὸ
1298 359 1520 414 δοκιμάσαι
1564 360 1634 400 καὶ

193 429 468 484 διαλεχθῆναι
518 435 570 482 τῷ
627 428 819 483 πνευματι
868 428 1070 475 λαλοῦντι,
1122 426 1275 482 ἄνδρας
1325 427 1520 482 δοκίμους
1564 429 1634 467 καὶ

193 496 454 544 ἐπισκόπους,
482 495 655 537 Ζωτικὸν
679 494 759 537 ἀπὸ
786 494 1011 551 Κουμάνης
1033 497 1177 551 κώμης
1208 497 1277 536 καὶ
1301 493 1522 537 Ἰουλιανὸν
1552 493 1634 536 ἀπὸ

193 565 441 619 Ἄπαμείας,
491 563 543 605 ὧν
586 563 623 605 οἱ
664 567 754 619 περὶ
797 563 1011 619 Θεμίσωνα
1054 566 1102 604 τὰ
1153 566 1335 619 στόματα
1381 566 1634 620 φιμώσαντες

195 633 268 675 ουκ
300 633 439 674 εἴασαν
470 636 513 675 τὸ
546 633 688 688 ψευδὲς
720 635 790 673 καὶ
820 633 1053 674 λαοπλάνον
1084 638 1240 688 πνεῦμα
1271 629 1338 673 ὑπ’
1360 631 1490 673 αὐτῶν
1520 630 1635 684 ἐλεγ-

192 706 391 758 χθ”ῐ,ναι.“
453 701 492 743 ἐν
524 700 654 755 ταύτῷ
687 701 729 742 δὲ
762 702 881 742 πάλιν
913 700 1030 756 ἕτερα
1061 701 1207 757 μεταξὺ
1234 703 1336 756 πρὸς
1358 700 1528 756 ἐ’λεγχον
1558 706 1634 741 τῶν

194 779 266 826 τῆς
299 770 561 826 Μαξιμίλλης
595 770 974 826 ψευδοπροφητειῶν
1009 769 1143 819 εἰπών,
1186 768 1287 826 ὁμοῦ
1320 773 1385 811 τόν
1415 785 1455 810 τε
1486 772 1634 825 χρόνον

193 839 294 881 καθ’
329 840 371 881 ὃν
402 839 511 881 ταῦτ’
544 839 717 896 ἔγραφεν
758 841 945 895 σημαίνει
985 840 1055 879 καὶ
1098 845 1173 880 τῶν
1216 842 1477 894 προρρήσεων
1508 834 1633 893 αὐτῆς

197 912 408 964 μέμνηται,
441 908 491 948 δι’
524 907 578 949 ὧν
609 909 817 963 πολέμους
861 907 1034 949 ἔσεσθαι
1073 909 1144 948 καὶ
1184 906 1493 953 ἀκαταστασίας
1533 920 1635 961 προ-

196 978 478 1031 εμαντευσατο,
511 975 564 1018 ὧν
586 979 656 1018 καὶ
677 979 746 1032 τὴν
769 977 1036 1031 ψευδολογίαν
1068 973 1226 1017 εὖθυνει
1248 974 1326 1016 ὧδε
1357 976 1505 1028 λέγων·
1540 977 1637 1024 ,,καὶ

194 1052 280 1092 πῶς
313 1043 359 1086 οὒ
390 1048 623 1102 καταφανὲς
654 1045 732 1102 ἤδη
770 1049 928 1098 γέγονεν
958 1047 1028 1085 καὶ
1059 1051 1174 1086 τοῦτο
1216 1047 1259 1086 τὸ
1301 1044 1470 1100 ψεῦδος;
1511 1045 1636 1086 πλείω

193 1116 270 1168 γὰρ
303 1113 328 1169 ἢ
360 1115 623 1169 τρισκαίδεκα
656 1114 724 1170 ἔτη
758 1112 815 1160 εἰς
846 1115 992 1169 ταυτην
1023 1116 1092 1169 τὴν
1123 1112 1293 1169 ἡμέραν,
1325 1112 1366 1160 ἐξ
1392 1110 1438 1154 οὗ
1457 1114 1636 1154 τετελευ-

194 1196 311 1237 τηκεν
339 1181 364 1237 ἡ
397 1186 507 1238 γυνή,
539 1185 610 1223 καὶ
632 1180 720 1224 οὔτε
744 1186 910 1238 μερικὸς
933 1181 1021 1224 οὔτε
1042 1183 1274 1229 καθολικὸς
1304 1185 1447 1237 κόσμῳ
1478 1184 1636 1234 γέγονεν

196 1252 389 1306 πόλεμος,
433 1250 544 1292 ἀλλὰ
587 1254 656 1293 καὶ
696 1251 955 1305 Χριστιανοῐς
997 1251 1156 1306 μᾶλλον
1197 1249 1334 1307 εἰρήνη
1374 1250 1566 1306 διάμονος
1598 1249 1637 1297 ἐξ

194 1318 311 1360 ἐλέου
343 1321 483 1361 θέοῠζι.
507 1345 562 1349 —
583 1322 653 1361 καὶ
684 1325 808 1361 ταῦτα
841 1319 877 1360 δ’
910 1320 956 1361 ἐκ
987 1325 1055 1360 τοῦ
1089 1319 1275 1374 δευτέρου
1308 1322 1636 1374 συγγράμματος.

196 1390 267 1428 καὶ
301 1386 380 1429 ἀπὸ
412 1394 480 1429 τοῦ
512 1391 644 1443 τρίτου
677 1389 719 1429 δὲ
751 1391 929 1444 σμικράς
972 1390 1276 1444 παραθήσομαι
1316 1387 1454 1435 λέξεις,
1501 1386 1552 1428 δι’
1584 1386 1637 1428 ὧν

195 1459 297 1511 πρὸς
328 1458 421 1503 τοὺς
454 1454 693 1513 αὐχοῦντας,
727 1455 782 1504 ὡς
815 1456 896 1512 ἄρα
928 1458 1094 1503 πλείους
1125 1459 1196 1498 καὶ
1227 1454 1355 1498 αὐτῶν
1383 1471 1637 1512 μεμαρτυρη-

195 1528 312 1571 κότες
345 1523 433 1573 εἶεν,
464 1529 590 1566 ταῦτά
623 1540 764 1581 φησιν·
800 1524 922 1574 ,ξόταν
954 1528 1081 1567 τοίνυν
1113 1524 1152 1567 ἐν
1183 1532 1283 1566 πᾶσι
1305 1532 1388 1572 τοῖς
1410 1523 1636 1581 εἰρημένοις

196 1593 463 1650 ἐλεγχθέντες
496 1593 769 1650 απορήσωσιν,
803 1594 867 1636 ἐπὶ
898 1595 991 1641 τοὺς
1025 1597 1232 1650 μάρτυρας
1254 1584 1520 1650 καταφεὺγειν
1551 1608 1638 1635 πει-

196 1670 354 1717 ρῶνται,
397 1664 583 1716 λέγοντες
625 1665 808 1710 πολλοὺς
849 1663 958 1719 ἔχειν
1002 1666 1232 1719 μάρτυρας,
1279 1665 1350 1704 καὶ
1392 1661 1497 1704 τοῦτ>
1539 1660 1639 1704 εἶναι

196 1735 413 1787 τεκμήριον
454 1734 592 1773 πιστὸν
634 1740 706 1789 τῆς
747 1733 954 1787 δυνάμεως
992 1738 1061 1773 τοῦ
1102 1731 1200 1787 παρ’
1241 1729 1379 1778 αὐτοῖς
1418 1732 1638 1786 λεγομένου

195 1806 449 1856 προφητικοῦ
492 1803 731 1857 πνευματος.
793 1803 836 1842 τὸ
869 1801 904 1841 δ’
937 1801 1041 1842 ἔστιν
1082 1801 1177 1856 ἄρα,
1210 1799 1264 1848 ὡς
1305 1801 1449 1849 ἔοικεν,
1490 1802 1639 1846 παντὸς

198 1869 356 1923 μᾶλλον
403 1867 478 1910 οὒκ
528 1869 701 1926 ἀληθές.
763 1872 834 1911 καὶ
879 1872 955 1925 γὰρ
1002 1877 1076 1911 τῶν
1123 1869 1260 1911 ἄλλων
1307 1867 1498 1924 αἱρέσεων
1538 1883 1638 1915 τινες

195 1938 410 1984 πλείστους
443 1937 566 1986 ὅσους
598 1939 742 1995 ’έχουσι
774 1942 994 1994 μάρτυρας,
1036 1941 1108 1980 καὶ
1140 1936 1186 1980 οἵ)
1216 1939 1330 1993 παρὰ
1360 1943 1475 1979 τοῦτο
1508 1937 1639 1993 δήπου

197 2008 619 2063 συγκαταθησόμεθα,
653 2005 747 2048 οὐδὲ
781 2006 982 2062 ἀλήθειαν
1012 2007 1122 2063 ἔχειν
1144 2004 1290 2053 αὖτοὺς
1314 2005 1637 2062 ὁμολογήσομεν.

196 2077 266 2115 καὶ
298 2078 447 2129 πρῶτοί
477 2091 521 2128 γε
555 2074 592 2117 οἱ
622 2075 703 2116 ἀπὸ
736 2082 807 2131 τῆς
840 2075 1085 2131 Μαρκίωνος
1118 2074 1312 2130 αἱρέσεως
1334 2074 1639 2129 Μαρκιωνισταὶ

196 2144 444 2199 καλουμένοι
474 2145 687 2191 πλείστους
719 2144 843 2191 ὅσους
876 2144 984 2200 ἔχειν
1008 2144 1184 2199 Χριστοῦ
1207 2147 1415 2200 μάρτυρας
1437 2145 1636 2196 λέγουσιν,

199 2210 308 2252 ἀλλὰ
339 2215 404 2253 τόν
434 2228 478 2265 γε
511 2212 682 2268 Χριστὸν
715 2211 833 2255 αὐτὸν
864 2212 954 2255 κατ’
988 2212 1189 2268 ἀλήθειαν
1231 2210 1308 2269 οὐχ
1351 2210 1639 2268 ὁμολογοῦσι.“

155 2291 170 2312 2
198 2283 267 2321 καὶ
300 2283 399 2336 μετὰ
432 2283 594 2338 βραχέα
624 2283 779 2329 τουτοις
806 2281 985 2339 ἐπιφέρει
1017 2283 1143 2335 λέγων
1161 2295 1169 2303 ·
1204 2280 1328 2330 ,ὤθεν
1360 2296 1420 2322 τοι
1441 2283 1512 2322 καὶ
1532 2279 1640 2322 ἐπει-

200 2349 270 2389 δὰν
303 2348 340 2390 οἱ
370 2349 435 2390 ἐπὶ
457 2353 500 2391 τὸ
524 2358 595 2406 τῆς
618 2350 706 2391 κατ’
730 2349 932 2406 ἀλήθειαν
965 2353 1135 2397 πίστεως
1168 2351 1384 2405 μαρτυριον
1417 2351 1641 2406 κληθέντες

199 2416 279 2458 ἀπὸ
317 2425 389 2473 τῆς
440 2418 664 2475 ἐκκλησίας
704 2421 858 2476 τυχωσι
906 2423 1157 2475 μετά.τινων
1198 2426 1273 2460 τῶν
1320 2418 1401 2460 ἀπὸ
1448 2425 1520 2474 τῆς
1565 2425 1640 2459 τῶν

199 2485 372 2540 Φρυγῶν
404 2486 598 2541 αἱρέσεως
631 2490 856 2544 λεγομένων
890 2490 1113 2544 μαρτυρων,
1158 2489 1416 2543 διαφέρονταί
1457 2503 1497 2528 τε
1539 2490 1640 2543 πρὸς

315 2624 394 2666 21J2
422 2637 507 2670 πειρ.
535 2626 763 2671 καταφεύγειν
840 2626 879 2658 28
906 2626 1150 2672 μαρκιανισταὶ

1657 854 1690 871 10

1659 1202 1690 1227 ¹5

1657 1550 1691 1568 20

1659 1891 1692 1916 ²5
