1795 2876
741 91 980 115 TERTULLIAN
1524 98 1573 131 2t)

135 211 285 236 nonam
318 199 593 243 detinendum,
626 200 678 236 de
709 211 781 236 suo
812 199 959 236 scilicet
990 211 1102 237 more
1134 230 1139 235 .
1175 230 1180 235 .
1214 230 1219 236 .
1254 230 1260 236 .
1294 199 1409 237 Haec
1441 207 1575 238 autem

136 262 299 306 propter
328 256 416 293 illos
447 257 514 305 qui
547 268 589 294 se
620 262 763 305 putant
795 269 843 294 ex
875 257 1003 294 forma
1036 257 1139 294 Petri
1171 269 1288 306 agere
1321 269 1442 306 quam
1464 258 1575 307 igno-

137 319 245 359 rant;
286 325 369 350 non
411 314 524 362 quasi
555 325 791 362 respuamus
821 326 982 359 nonam,
1020 314 1080 351 cui
1112 319 1151 351 et
1183 320 1323 363 quarta
1355 315 1508 352 sabbati
1541 322 1579 352 et

136 376 249 408 sexta
279 370 493 419 plurimum
524 371 733 420 fungimur,
766 371 838 408 sed
870 372 964 420 quia
995 383 1131 408 eorum
1165 383 1269 420 quae
1295 384 1342 408 ex
1364 372 1578 409 traditione

102 428 400 466 sobservantur
441 433 554 464 tanto
595 428 719 477 magis
760 428 923 477 dignam
955 428 1150 465 rationem
1183 429 1340 466 adferre
1371 430 1578 474 debemus,

138 491 292 534 quanto
338 491 473 522 carent
513 485 733 534 scripturae
772 485 1019 530 auctoritate,
1065 486 1196 522 donec
1237 486 1372 535 aliquo
1418 487 1577 524 caelesti

137 541 363 578 charismati
405 549 473 578 aut
516 542 804 579 confirmentur
839 551 908 579 aut
939 542 1194 592 corrigantur.

259 609 304 635 12
340 598 397 635 Ut
431 599 482 635 ab
515 599 699 637 Iohanne
730 599 951 648 paracletus
983 600 1258 643 obmutuisset,
1291 606 1329 637 et
1360 600 1432 649 ipsi
1463 600 1580 637 nobis

138 655 361 704 prophetae
382 656 422 692 in
444 655 548 693 hanc
580 657 753 693 maxime
784 668 948 693 causam
975 657 1250 701 extitissemus,
1282 657 1361 693 iam
1384 669 1467 694 non
1489 658 1580 694 dico

89 726 120 743 ¹0
139 713 190 749 ad
223 713 472 749 exorandam
495 713 570 750 Dei
602 713 701 750 iram
732 725 807 750 nec
829 714 882 750 ad
903 714 1199 763 impetrandam
1222 714 1386 750 tutelam
1409 714 1492 751 eius
1513 720 1582 751 aut

138 769 315 819 gratiam,
336 770 408 806 sed
430 770 482 806 ad
504 771 866 819 praemuniendam
889 783 959 820 per
975 777 1133 808 nosmet
1150 772 1256 820 ipsos
1274 771 1581 808 novissimorum

140 835 367 876 temporum
414 828 693 864 condicionem
739 828 960 865 indicentes
1007 840 1169 865 omnem
1214 828 1581 882 ταπεινοφρόνησιν,

141 896 231 920 cum
262 896 396 921 carcer
427 884 667 922 ediscendus
699 891 737 921 et
769 885 895 922 fames
925 898 972 921 ac
1003 886 1084 922 sitis
1130 886 1380 922 exercendae
1422 892 1459 922 et
1501 893 1581 922 tarn

141 941 299 978 inediae
331 953 452 990 quam
484 941 591 978 anxii
623 942 749 978 victus
781 942 992 979 tolerantia
1014 943 1248 991 usurpanda
1269 942 1317 979 sit
1340 972 1345 978 .
1372 972 1378 979 .
1404 972 1410 978 .
1440 953 1484 990 13
1511 972 1517 979 .
1544 972 1550 978 .
1574 971 1581 978 .

92 1011 122 1035 15
143 999 174 1035 si
207 1004 245 1035 et
278 1010 327 1034 ex
358 998 532 1036 hominis
563 999 695 1036 edicto
733 1005 772 1035 et
808 999 846 1035 in
880 1011 1003 1035 unum
1045 1011 1186 1036 omnes
1227 999 1584 1051 ταπεινοφρόνησιν

141 1055 307 1104 agitatis,
344 1055 554 1104 quomodo
594 1056 634 1092 in
666 1056 782 1093 nobis
823 1057 950 1104 ipsam
992 1068 1157 1105 quoque
1197 1057 1391 1094 unitatem
1432 1057 1584 1093 ieiuna-

141 1113 296 1149 tionum
328 1118 367 1149 et
396 1112 731 1162 xerophagiarum
775 1118 813 1150 et
844 1113 1061 1150 stationum
1095 1113 1324 1150 denotatis?
1373 1114 1446 1149 nisi
1483 1114 1584 1149 forte

142 1170 182 1206 in
222 1175 385 1206 senatus
430 1170 612 1208 consulta
654 1176 697 1207 et
738 1170 777 1206 in
828 1170 1052 1219 principum
1105 1170 1297 1208 mandata
1347 1170 1585 1207 coitionibus

143 1226 331 1275 opposita
362 1226 643 1276 delinquimus.
703 1227 861 1276 spiritus
891 1233 1063 1272 sanctus,
1100 1240 1190 1264 cum
1222 1228 1261 1263 in
1293 1228 1438 1276 quibus
1470 1228 1587 1264 vellet

92 1293 126 1312 20
143 1284 255 1320 terris
287 1290 326 1320 et
356 1295 428 1332 per
459 1296 560 1336 quos
591 1284 709 1321 vellet
739 1285 997 1333 praedicaret,
1031 1297 1079 1321 ex
1101 1285 1353 1333 providentia
1373 1285 1585 1321 imminen-

142 1341 240 1377 tium
271 1341 354 1377 sive
385 1341 740 1378 ecclesiasticarum
771 1342 1080 1390 temptationum
1103 1342 1185 1379 sive
1207 1341 1469 1378 mundialium
1501 1342 1585 1390 pla-

143 1410 292 1447 garum,
324 1409 406 1446 qua
434 1398 658 1447 paracletus
684 1399 725 1435 id
748 1405 807 1436 est
828 1399 1047 1436 advocatus
1069 1399 1121 1436 ad
1144 1400 1393 1436 exorandum
1415 1398 1587 1435 iudicem

145 1455 296 1499 dicitur,
338 1455 568 1492 huiusmodi
599 1456 826 1493 officiorum
856 1457 1036 1494 remedia
1067 1456 1298 1500 mandabat,
1339 1462 1446 1504 puta,
1482 1467 1588 1492 nunc

145 1512 198 1548 ad
240 1513 507 1549 exercendam
544 1513 768 1550 sobrietatis
800 1518 839 1550 et
869 1514 1136 1551 abstinentiae
1168 1513 1440 1562 disciplinam3
1482 1512 1589 1548 hunc

93 1579 127 1604 ²5
146 1569 215 1618 qui
246 1569 469 1618 recipimus,
500 1571 728 1608 necessario
760 1571 880 1607 etiam
913 1583 1018 1620 quae
1048 1577 1144 1607 tunc
1175 1570 1378 1607 constituit
1399 1570 1588 1606 observa-

146 1637 244 1663 mus.
263 1656 270 1662 .
289 1656 296 1662 .
337 1632 508 1676 aguntur
538 1632 746 1676 praeterea
767 1639 838 1676 per
859 1627 1048 1666 Graecias
1071 1628 1135 1664 illa
1166 1627 1281 1665 certis
1303 1627 1340 1663 in
1365 1627 1460 1663 locis
1491 1639 1587 1663 con·

147 1683 236 1720 cilia
277 1695 326 1720 ex
365 1683 557 1723 universis
600 1685 786 1728 ecclesiis,
828 1697 899 1734 per
939 1697 1045 1734 quae
1086 1691 1126 1722 et
1161 1685 1300 1721 altiora
1333 1695 1519 1732 quaeque
1550 1684 1588 1719 in

147 1752 364 1777 commune
406 1746 636 1786 tractantur,
684 1748 723 1779 et
767 1741 854 1791 ipsa
899 1742 1211 1791 repraesentatio
1257 1741 1377 1779 totius
1418 1740 1591 1778 nominis

149 1797 364 1834 Christiani
394 1809 541 1847 magna
562 1798 823 1836 veneratione
845 1799 1076 1837 celebratur.
1124 1805 1162 1836 et
1184 1800 1261 1835 hoc
1283 1810 1403 1847 quam
1427 1797 1591 1846 dignum

99 1864 132 1890 ³0
150 1855 231 1891 fide
262 1855 496 1903 auspicante
518 1855 748 1905 congregari
773 1856 953 1905 undique
983 1857 1035 1894 ad
1058 1856 1279 1893 Christum!
1311 1855 1438 1900 ‚‚vide,
1470 1866 1591 1903 quam

150 1912 301 1948 bonum
324 1917 362 1948 et
383 1923 504 1961 quam
535 1913 755 1949 iucundum
787 1913 969 1950 habitare
1000 1914 1139 1950 fratres
1170 1914 1208 1949 in
1241 1925 1364 1948 unum
1379 1913 1410 1948 !“
1441 1912 1518 1948 hoc
1549 1918 1591 1948 tu

150 1969 318 2018 psallere
349 1981 433 2006 non
464 1970 580 2006 facile
610 1970 726 2014 nosti,
768 1970 842 2007 nisi
873 1982 954 2019 quo
985 1976 1169 2019 tempore
1201 1982 1291 2006 cum
1323 1969 1592 2018 compluribus

151 2037 281 2063 cenas.
324 2032 545 2064 conventus
576 2033 713 2064 autem
744 2027 795 2063 illi
827 2028 1062 2065 stationibus
1094 2027 1201 2076 prius
1224 2033 1263 2064 et
1283 2026 1593 2063 ieiunationibus

152 2083 307 2132 operati
352 2083 489 2121 dolere
535 2096 625 2120 curn
672 2084 902 2122 dolentibus
949 2092 988 2122 et
1031 2084 1087 2121 ita
1132 2085 1297 2120 demum
1338 2084 1593 2131 congaudere

100 2149 132 2175 35
151 2140 418 2189 gaudentibus
449 2147 606 2178 norunt.
653 2141 684 2178 si
717 2147 755 2177 et
776 2142 850 2178 ista
870 2141 1089 2186 sollemnia,
1123 2141 1266 2190 quibus
1287 2146 1382 2176 tunc
1404 2151 1594 2188 praesens

153 2197 426 2245 patrocinatus
472 2204 532 2235 est
577 2209 722 2243 sermo,
768 2210 842 2235 nos
885 2210 1049 2247 quoque
1091 2199 1131 2234 in
1173 2196 1337 2234 diversis
1383 2196 1595 2244 provinciis

152 2254 353 2303 fungimur
382 2255 423 2291 in
453 2255 591 2304 spiritu
622 2255 793 2292 invicem
825 2255 1122 2303 repraesentati,
1164 2255 1226 2291 lex
1259 2259 1318 2291 est
1347 2253 1594 2290 sacramenti.

267 2311 328 2348 De
348 2311 546 2360 pudicitia.
599 2322 613 2348 1
651 2311 785 2349 Audio
817 2312 937 2349 etiam
959 2312 1134 2349 edictum
1157 2323 1244 2348 esse
1265 2310 1526 2359 propositum,
1558 2315 1596 2347 et

155 2367 319 2416 quidem
358 2368 682 2418 peremptorium.
743 2369 924 2418 pontifex
965 2369 1112 2405 scilicet
1143 2368 1352 2412 maximus,
1394 2367 1506 2416 quod
1537 2372 1597 2404 est

104 2434 136 2457 ⁴0
156 2425 367 2474 episcopus
408 2426 701 2475 episcoporum,
743 2426 881 2464 edicit:
927 2426 1012 2475 Ego
1045 2431 1084 2462 et
1115 2425 1323 2462 moechiae
1355 2430 1395 2462 et
1425 2424 1595 2461 fornica-

155 2481 273 2519 tionis
304 2482 450 2520 delicta
479 2483 725 2531 paenitentia
757 2483 900 2520 functis
941 2482 1110 2519 dimitto.
1167 2494 1191 2518 o
1224 2481 1399 2519 edictum
1431 2481 1493 2518 cui
1524 2481 1595 2517 ad-

272 2579 316 2612 30
339 2571 396 2602 Ps.
426 2579 500 2612 132,
530 2581 541 2603 1
650 2581 692 2613 34
725 2573 830 2604 Rom.
861 2579 910 2609 12,
941 2579 978 2612 15
1081 2570 1123 2612 38
1157 2571 1246 2612 Opp.
1282 2571 1334 2602 ed.
1361 2571 1598 2601 R.-Wissowa

158 2625 200 2658 39
225 2622 470 2658 peremptorem
493 2616 498 2660 l
520 2624 571 2649 est
591 2620 625 2655 -l-
646 2618 790 2650 Ursinus
861 2626 899 2657 41
929 2617 993 2648 del.
1019 2626 1115 2659 paen.
1134 2620 1168 2654 -l-
1187 2616 1345 2648 Gelenius
1367 2615 1372 2659 Ι
1395 2616 1490 2648 funes
