1795 2860
185 71 233 96 22
462 66 582 88 TEXTE
608 66 680 88 ZL'R
707 65 944 88 GESCHICHTE
969 65 1037 88 DEs
1064 65 1340 89 MONTANISMUS

182 174 560 222 pseudoprophetas
606 179 644 210 et
690 174 810 210 falsos
852 174 1048 210 doctores.
1110 174 1149 209 hi
1190 180 1369 211 mortuos
1409 175 1626 222 baptizant,

182 231 340 279 publice
380 231 569 279 mysteria
609 230 822 275 celebrant,
869 230 1072 279 Pepuzam
1104 231 1237 267 villam
1277 243 1403 273 suam,
1436 243 1541 280 quae
1571 232 1626 268 sic

183 288 326 324 (licitur
356 288 395 324 in
427 287 565 336 Frigia,
600 287 854 325 Hierusalem
886 287 1100 336 appellant,
1132 287 1199 324 ubi
1232 287 1452 325 Maximilla
1482 294 1521 325 et
1543 288 1625 325 Pri-

182 345 290 381 scilla
322 352 360 382 et
391 345 476 393 ipse
508 345 729 382 Montanus
762 345 866 381 vitae
898 351 1055 393 tempus
1087 356 1236 381 vanum
1269 345 1303 381 el
1335 345 1625 382 infructuosum

183 402 370 438 habuisse
403 403 674 438 dinoscuntur.
722 402 789 438 ubi
812 408 849 438 et
872 402 1104 450 mysterium
1127 401 1381 451 Cyniconum
1405 409 1443 439 et
1464 402 1624 440 infantis

183 460 409 496 execranda
452 459 674 496 celebratur
714 459 908 508 impietas.
970 459 1109 496 dicunt
1142 459 1249 496 enim
1282 471 1350 496 eos
1382 460 1434 496 de
1465 459 1626 496 infantis

183 517 376 565 sanguine
418 517 458 552 in
489 517 638 565 pascha
675 516 841 553 miscere
873 517 913 552 in
945 528 1060 552 suum
1092 516 1339 562 sacrificium,
1382 516 1543 565 suisque
1573 517 1626 554 ita

183 574 331 622 ubique
364 574 545 610 emittere
578 573 808 621 perniciosis
841 579 878 610 et
910 574 1016 610 falsis
1048 573 1293 611 satellitibus.

774 778 1039 815 DIDYMUS

297 858 357 894 De
387 858 552 894 m'nilale
583 859 658 903 III,
691 869 756 904 41.
808 854 894 896 Καὶ
924 854 1206 896 Μοντανιστῶν
1236 853 1261 911 ἡ
1295 856 1428 911 πλάνη
1461 854 1502 896 ἐν
1532 857 1624 896 του-

182 938 276 969 τοις.
326 931 492 978 πρῶτον,
527 923 585 965 ὅτι
619 923 963 979 ἀπομαντευονται
996 924 1034 964 ἓν
1056 926 1274 978 πρόσωπον
1296 922 1490 966 εἶναιτῶν
1511 931 1626 978 τριῶν

182 994 304 1033 θείων
341 990 623 1034 ὗποστάσεων·
657 992 870 1039 Μοντανὸς
901 996 991 1048 γάρ,
1026 995 1157 1048 φησίν,
1191 991 1317 1034 εἶπεν·
1351 991 1477 1046 Ἐγώ
1519 991 1628 1048 εἰμι

183 1059 204 1101 ὁ
244 1064 414 1117 πατὴρ
457 1064 545 1102 καὶ
585 1061 605 1102 ὁ
647 1060 764 1108 υἱὸς
804 1063 891 1102 καὶ
933 1060 1362 1116 οπαράκλητος.
1424 1064 1494 1103 καὶ
1525 1065 1627 1117 πρὸς

184 1131 371 1171 συστασιν
414 1131 539 1186 δῆθεν
580 1132 721 1171 τουτου
753 1133 1025 1187 προφέρουσιν
1052 1162 1060 1170 .
1081 1163 1088 1170 .
1113 1129 1211 1184 ὅπερ
1242 1131 1490 1185 θαυμασίως
1521 1128 1627 1171 εἶπεν

184 1196 203 1238 ὁ
245 1196 330 1245 υἱός
373 1202 476 1245 (Ioh.
516 1213 574 1248 14,
616 1213 674 1239 11.
710 1213 785 1250 233
835 1213 894 1246 Io,
927 1212 1001 1249 303
1040 1213 1099 1248 14,
1133 1212 1170 1250 c).
1205 1199 1274 1250 26)
1299 1231 1307 1238 .
1332 1231 1340 1239 .
1365 1230 1373 1239 .
1399 1230 1407 1239 .
1431 1199 1625 1254 δευτέρον,

184 1265 242 1307 ὅτι
277 1299 284 1307 .
310 1299 318 1307 .
344 1300 351 1307 .
386 1267 530 1309 ἐκεῖνοι
563 1269 747 1319 λέγουσιν
779 1270 845 1308 τὸν
877 1266 1086 1308 Μοντανὸν
1118 1265 1369 1323 ἐληλυθέναι
1399 1269 1469 1309 καὶ
1499 1266 1629 1323 ἐσχη-

183 1339 297 1376 κέναι
337 1339 380 1377 τὸ
422 1337 572 1377 τέλειον
613 1339 656 1378 τὸ
693 1342 761 1377 τοῦ
794 1337 1076 1392 παρακλήτου,
1108 1339 1303 1377 τουτέστιν
1334 1339 1378 1378 τὸ
1409 1342 1478 1377 τοῦ
1511 1334 1626 1388 ἁγίου

182 1405 408 1460 πνευματος
432 1439 437 1444 .
463 1438 470 1445 .
496 1438 503 1445 .
528 1438 536 1446 .
561 1405 682 1447 Ἀλλ’
705 1404 824 1453 εἶπεν,
861 1407 993 1461 φησίν,
1025 1403 1045 1446 ὁ
1070 1404 1246 1460 Χριστός
1278 1404 1362 1459 ,ἔτι
1382 1406 1519 1446 πολλὰ
1539 1404 1626 1461 ἔχω

182 1474 309 1525 λέγειν
351 1472 453 1528 υμῖν,
498 1473 590 1515 ἀλλ’
632 1472 678 1515 οἵ)
720 1475 898 1515 δυνασθε
931 1475 1143 1527 βαστάζειν
1175 1473 1284 1529 ἄρτι·
1319 1472 1412 1515 ὅταν
1445 1473 1488 1514 δὲ
1517 1473 1624 1530 ἔλθῃ

183 1540 336 1588 ἐκεῖνος
368 1546 412 1584 τὸ
445 1549 600 1598 πνεῦμα
631 1550 702 1598 τῆς
730 1542 948 1598 ἀληθείας,
981 1541 1174 1598 ὁδηγήσει
1195 1540 1302 1598 ὃμᾶς
1324 1540 1380 1589 εἷς
1403 1550 1537 1592 πᾶσαν
1557 1545 1627 1598 την
1647 1564 1660 1580 2

182 1608 427 1665 ἀλήθειαν“,
470 1614 540 1652 καὶ
583 1611 683 1668 ,,ἀφ’
726 1611 871 1653 ἑαυτοῦ
916 1609 961 1652 ου
1002 1612 1189 1667 λαλήσει,
1222 1610 1316 1652 ἀλλ’
1349 1611 1397 1653 ἐκ
1427 1617 1494 1652 τοῦ
1527 1610 1626 1667 ἐμοῦ

182 1679 353 1734 λήψεται
393 1682 464 1720 καὶ
495 1679 709 1732 ἀναγγελεῖ
748 1678 865 1736 υμῖν(ί
896 1682 967 1721 καὶ
999 1679 1179 1732 .,ἐκεῖνος
1220 1679 1292 1735 ἐμὲ
1324 1680 1526 1729 δοξάσειίί,
1558 1682 1627 1720 καὶ

182 1749 302 1789 πάλιν
326 1746 431 1804 „obl
456 1747 603 1804 ἀφήσω
627 1747 733 1804 ὑμᾶς
757 1748 973 1806 ὀρφανοὺς,
996 1749 1175 1805 ἔρχομαι
1196 1751 1297 1804 πρὸς
1319 1746 1466 1804 υμᾱςίί.
1497 1747 1627 1804 ἦλθεν

183 1814 250 1857 οὖν
283 1818 421 1872 δῆθεν,
456 1816 548 1859 ὅταν
580 1817 803 1865 Μοντανός.
827 1843 882 1847 -
912 1820 1040 1873 τρίτον
1073 1816 1132 1858 ὅτι
1152 1819 1524 1864 κατασκευάζοντες
1547 1817 1627 1858 δεῖ-

182 1885 257 1938 ξαι,
300 1889 365 1927 τόν
406 1901 446 1926 τε
478 1885 687 1928 Μοντανὸν
729 1885 949 1943 ἐσχηκέναι
991 1890 1034 1928 τὸ
1078 1887 1229 1927 τέλειον
1260 1892 1328 1927 τοῦ
1360 1887 1661 1942 παρακλήτουε

181 1956 250 2009 τήν
282 1969 321 1994 τε
352 1954 606 2010 Πρίσκιλλαν
637 1958 707 1996 καὶ
735 1954 996 2011 Μαξίμιλλαν
1028 1956 1283 2011 προφήτιδας
1317 1990 1324 1997 .
1350 1988 1357 1995 .
1383 1987 1391 1995 .
1416 1987 1424 1995 .
1459 1956 1625 2007 (Lficke)

182 2022 361 2077 ἔγραψαν
392 2022 602 2077 Μοντανῲ,
642 2025 847 2077 λέγουσιν·
882 2023 940 2065 ὅτι
971 2021 1084 2080 ὑμεῖς
1117 2023 1162 2065 οὐ
1195 2024 1395 2065 πιστεὺετε
1428 2025 1527 2078 μετὰ
1557 2026 1627 2079 τήν

182 2093 342 2146 πρώτην
384 2090 617 2147 ἐπιφάνειαν
657 2099 726 2133 τοῦ
768 2093 965 2134 δεσπότου
1007 2092 1106 2134 εἶναι
1144 2096 1370 2148 προφήτας.
1431 2091 1537 2133 εἶπεν
1570 2092 1624 2146 δέ,

183 2163 316 2216 φησίν,
359 2160 379 2201 ὁ
423 2165 578 2217 σωτήρ·
612 2160 726 2216 ,,ὶδοὺ
758 2161 835 2214 ἐγὼ
870 2161 1109 2203 ἀποστέλλω
1141 2164 1244 2216 πρὸς
1276 2160 1382 2217 ὑμᾶς
1413 2165 1628 2219 προφήτας

182 2231 251 2269 καὶ
293 2231 447 2285 σοφοὺς
488 2232 558 2270 καὶ
598 2237 872 2285 γραμματεῖς·
915 2233 986 2272 καὶ
1028 2230 1067 2277 εξ
1109 2228 1236 2271 αὐτῶν
1274 2229 1526 2271 ἀποκτείνετε
1557 2232 1627 2270 καὶ

184 2301 433 2352 σταυρώσετε
480 2301 550 2339 καὶ
595 2299 635 2345 ἐξ
677 2297 807 2340 αὐτῶν
851 2302 1120 2354 μαστιγώσετε
1162 2297 1202 2339 ἐν
1247 2305 1334 2345 ταῖς
1376 2305 1627 2351 συναγωγαῖς

182 2364 318 2421 ὑμῶνεί
346 2400 353 2407 .
379 2401 384 2406 .
410 2400 417 2407 .
443 2400 451 2407 .
486 2368 740 2423 προφήτιδας
765 2368 807 2408 δε
830 2366 934 2410 οἶδεν
965 2383 989 2424 η
1023 2370 1159 2425 γραφη
1193 2370 1264 2415 τὰς
1296 2366 1508 2409 Φιλίππου
1537 2370 1627 2408 τέσ-

184 2450 314 2490 σαρας
339 2438 580 2490 θυγατέρας,
613 2439 682 2492 τὴν
705 2436 938 2491 Δεββῶραν,
971 2435 1145 2492 Μαριὰμ
1166 2438 1235 2492 τὴν
1258 2435 1440 2492 ἀδελφὴν
1462 2434 1628 2490 Ἀαρὼν

298 2548 313 2580 5
342 2541 532 2581 cynicorum
558 2542 613 2571 lzss
681 2549 700 2579 9
726 2540 809 2571 nach
836 2541 960 2571 Patrol.
986 2551 1033 2581 gr.
1060 2548 1102 2581 39
1128 2551 1154 2571 s.
1183 2540 1296 2581 984ff.
1371 2540 1448 2570 18ff
1467 2538 1545 2581 Joh.
1578 2538 1628 2574 16,

189 2586 275 2616 12ff.
292 2586 395 2626 14,18
460 2594 501 2619 20
518 2587 582 2617 Mt.
599 2594 651 2626 23,
671 2594 713 2626 34
781 2594 821 2626 32
838 2588 914 2618 Act.
936 2595 988 2624 21,
1003 2595 1023 2627 9
1097 2594 1138 2627 33
1154 2586 1228 2617 Iud.
1248 2596 1279 2627 4,
1294 2596 1324 2627 4.
1340 2585 1450 2617 Exod.
1467 2593 1516 2627 15,
1534 2585 1625 2616 zoff.

1646 879 1677 895 10

1648 1221 1679 1245 15

1648 2250 1679 2275 30
