1795 2860
173 94 227 130 30
454 89 575 111 TEXTE
600 89 672 111 ZUR
698 89 935 112 GESCHICHTE
959 89 1027 112 DES
1053 90 1329 113 MONTANISMUS

171 196 286 233 scribi
327 208 410 233 non
451 197 596 245 poterit
628 197 788 234 Bonum
820 198 988 234 factum!
1027 203 1065 234 et
1095 197 1163 234 ubi
1194 204 1441 246 proponetur
1471 198 1615 237 libera-

172 253 258 290 litas
289 253 392 290 ista?
425 254 586 299 ibidem,
619 255 773 302 opinor,
806 254 846 290 in
878 254 972 303 ipsis
1003 254 1213 291 libidinum
1245 254 1384 300 ianuis,
1416 256 1490 292 sub
1521 255 1613 305 ipsis

171 310 379 347 libidinum
420 310 550 347 titulis.
609 310 685 348 illic
726 312 924 348 eiusmodi
955 312 1202 360 paenitentia
1232 312 1525 362 promulganda
1557 319 1615 350 est

169 367 235 403 ubi
277 367 550 416 delinquentia
580 368 667 416 ipsa
703 369 942 416 versabitur3
989 369 1064 405 illic
1094 369 1265 418 legenda
1296 375 1355 406 est
1386 370 1503 406 venia
1533 382 1614 419 quo

169 436 260 460 cum
306 436 378 473 spe
425 425 506 462 eius
553 425 770 462 intrabitur.
843 427 914 463 sed
958 426 1036 462 hoc
1082 426 1122 462 in
1168 426 1334 463 ecclesia
1378 426 1529 476 legitur,
1576 433 1614 464 et

168 481 209 517 in
242 482 394 518 ecclesa
425 482 715 530 pronuntiatur,
758 488 796 519 et
836 483 944 532 virgo
977 488 1045 520 est.
1107 483 1220 527 absit,
1260 483 1363 520 absit
1402 495 1426 520 a
1466 496 1614 533 sponsa

170 538 314 575 Christi
356 539 434 575 tale
474 539 750 587 praeconium!
793 540 869 585 illa,
910 552 1015 589 quae
1056 552 1149 577 vera
1195 546 1263 585 est,
1310 552 1415 589 quae
1457 541 1613 590 pudica,

170 607 275 643 quae
326 601 474 640 sancta,
536 597 685 633 carebit
735 597 855 633 etiam
905 597 1060 633 aurium
1111 597 1276 634 macula.
1356 609 1440 635 non
1490 599 1614 635 habet

169 653 313 700 quibus
364 653 442 689 hoc
494 655 760 702 repromittat,
813 660 851 691 et
901 655 932 691 si
982 654 1182 699 habuerit,
1230 666 1314 691 non
1364 655 1613 704 repromittit,

168 710 278 757 quod
326 716 364 746 et
410 716 611 747 terrenum
651 711 727 747 Dei
774 712 967 760 templum
1018 711 1130 749 citius
1176 712 1368 760 spelunca
1414 712 1612 749 latronum

167 767 358 815 appellari
418 768 549 815 potuit
597 780 621 804 a
672 768 839 805 domino
899 780 1021 817 quam
1082 769 1342 806 moechorum
1396 775 1434 806 et
1489 770 1612 806 forni-

167 829 357 860 catorum.
400 825 471 861 erit
501 825 615 873 igitur
646 831 685 862 et
716 825 780 862 hic
800 826 992 863 adversus
1013 826 1223 875 psychicos
1244 826 1390 871 titulus,
1422 827 1613 864 adversus

168 893 282 917 meae
305 893 471 930 quoque
491 883 713 918 sententiae
735 889 839 919 retro
861 895 986 932 penes
1008 883 1095 920 illos
1116 883 1357 928 societatem,
1385 895 1467 932 quo
1489 884 1613 933 magis

167 938 243 974 hoc
285 938 381 974 mihi
422 940 462 975 in
502 945 640 976 notam
682 940 850 977 levitatis
891 940 1104 977 obiectent.
1165 952 1373 989 nunquam
1415 941 1612 978 societatis

167 996 376 1044 repudium
428 996 561 1033 delicti
606 997 894 1045 praeiudicium
941 1003 1010 1035 est.
1083 997 1194 1046 quasi
1239 1010 1323 1035 non
1367 998 1519 1036 facilius
1564 998 1613 1035 sit

166 1064 293 1090 errare
325 1065 415 1090 cum
447 1054 635 1102 pluribus,
669 1055 834 1103 quando
867 1055 1009 1092 veritas
1040 1067 1131 1091 curn
1163 1055 1299 1104 paucis
1329 1060 1492 1092 ametur.

284 1121 303 1146 2
336 1110 526 1148 Ceterum
556 1111 677 1156 Deus,
712 1112 907 1160 inquiunt,
928 1113 1062 1149 bonus
1084 1118 1123 1149 et
1140 1112 1313 1161 optimus
1336 1118 1375 1148 et
1391 1113 1611 1149 misericors

165 1172 204 1203 et
244 1167 453 1205 miserator
485 1174 522 1205 et
553 1169 849 1206 misericordiae
880 1169 1083 1218 plurimus,
1123 1181 1245 1218 quam
1277 1169 1387 1206 omni
1418 1169 1611 1207 sacrificio

165 1225 386 1273 anteponit,
427 1238 509 1262 non
551 1226 649 1262 tanti
681 1227 831 1263 ducens
863 1227 1082 1275 peccatoris
1114 1232 1286 1264 mortem
1318 1238 1439 1275 quam
1470 1227 1610 1275 paeni-

165 1282 340 1327 tentiam,
373 1283 654 1327 „salutificator
675 1284 855 1320 omnium
877 1284 1088 1320 hominum
1121 1290 1160 1321 et
1191 1284 1364 1321 maxime
1395 1280 1608 1320 fid'elium‘st

164 1338 300 1388 itaque
342 1345 380 1376 et
420 1340 522 1377 filios
554 1340 631 1377 Dei
673 1341 948 1378 misericordes
991 1347 1029 1378 et
1060 1341 1249 1390 pacificos
1281 1353 1367 1378 esse
1398 1341 1609 1389 oportebit,

165 1397 364 1433 donantes
407 1396 579 1434 invicem
621 1398 720 1434 sicut
752 1404 790 1434 et
822 1398 1002 1435 Christus
1034 1398 1202 1435 donavit
1232 1398 1360 1443 nobis,
1392 1410 1475 1435 non
1507 1398 1609 1435 iudi-

163 1459 310 1498 cantes,
334 1466 384 1490 ne
406 1455 636 1491 iudicemur.
679 1455 871 1500 „domino
894 1456 999 1492 enim
1022 1468 1095 1493 suo
1117 1462 1193 1493 stat
1215 1456 1303 1504 quis
1324 1455 1387 1492 vel
1409 1456 1535 1503 cadit,
1567 1462 1610 1492 tu

164 1511 252 1559 quis
270 1523 322 1555 es,
340 1517 382 1547 ut
399 1524 557 1549 servum
579 1512 730 1549 iudices
752 1513 927 1549 alienum
941 1513 981 1549 ?“
1003 1513 1182 1558 „dimitte
1204 1519 1243 1550 et
1264 1513 1484 1549 dimittetur
1504 1513 1611 1549 tibi.“

281 1579 326 1604 21
366 1598 372 1605 .
406 1599 412 1605 .
442 1569 473 1606 si
505 1575 543 1606 et
574 1570 682 1618 ipsos
713 1570 854 1607 beatos
885 1571 1090 1618 apostolos
1120 1570 1199 1607 tale
1229 1570 1380 1619 aliquid
1401 1570 1611 1607 indulsisse

163 1630 373 1670 constaret,
406 1627 516 1663 cuius
548 1626 664 1664 venia
685 1640 709 1664 a
731 1627 832 1672 Deo,
864 1639 947 1664 non
978 1628 1029 1664 ab
1052 1627 1217 1664 homine
1238 1633 1495 1675 competeret,
1526 1640 1610 1664 non

163 1693 211 1718 ex
240 1683 458 1731 disciplina,
491 1685 563 1720 sed
596 1696 644 1720 ex
672 1690 871 1732 potestate
894 1685 1080 1722 fecissent
1111 1715 1117 1722 .
1151 1715 1157 1721 .
1191 1715 1197 1721 .
1231 1714 1238 1721 .
1271 1685 1416 1722 exhibe
1436 1684 1550 1734 igitur
1572 1690 1611 1722 et

161 1751 268 1776 nunc
301 1740 408 1786 mihi,
440 1741 670 1789 apostolice,
713 1742 948 1790 prophetica
990 1742 1185 1790 exempla,
1226 1747 1269 1778 ut
1300 1753 1516 1791 agnoscam
1548 1742 1608 1778 di-

162 1797 378 1842 vinitatem,
416 1803 455 1834 et
486 1798 645 1836 vindica
676 1799 746 1835 tibi
778 1799 1014 1836 delictorum
1045 1799 1243 1836 eiusmodi
1274 1799 1607 1836 remittendorum

161 1860 412 1902 potestatem.
473 1857 584 1904 quod
616 1856 647 1892 si
678 1856 911 1905 disciplinae
942 1856 1062 1893 solius
1094 1856 1228 1893 officia
1259 1857 1417 1893 sortitus
1449 1868 1502 1901 es,
1533 1868 1608 1893 nec

160 1911 328 1960 imperio
360 1913 600 1961 praesidere,
633 1914 704 1950 sed
737 1913 966 1959 ministerio,
1000 1914 1086 1962 quis
1117 1920 1185 1950 aut
1216 1919 1389 1962 quantus
1413 1925 1453 1950 es
1475 1912 1606 1950 indul-

160 1980 263 2017 gere,
296 1970 364 2018 qui
396 1982 528 2018 neque
559 1971 801 2019 prophetam
833 1983 909 2008 nec
940 1971 1169 2019 apostolum
1202 1971 1396 2008 exhibens
1428 1982 1537 2007 cares
1561 1982 1608 2007 ea

161 2026 302 2063 virtute
348 2027 457 2063 cuius
504 2033 563 2063 est
593 2027 828 2076 indulgere?
875 2028 954 2065 Sed
996 2028 1129 2073 habet,
1174 2028 1316 2077 inquis,
1363 2033 1605 2076 potestatem

161 2084 327 2120 ecclesia
359 2084 503 2120 delicta
534 2085 726 2124 donandi.
759 2085 837 2122 hoc
860 2098 934 2134 ego
956 2086 1081 2135 magis
1103 2090 1141 2122 et
1161 2097 1338 2134 agnosco
1360 2091 1399 2121 et
1420 2084 1605 2134 dispono,

160 2140 227 2188 qui
267 2141 399 2189 ipsum
441 2142 687 2190 paracletum
728 2142 769 2178 in
810 2143 1016 2191 prophetis
1056 2142 1169 2180 novis
1210 2143 1342 2179 habeo
1379 2141 1603 2179 dicentem:

162 2196 346 2235 Potest
378 2199 612 2236 ecclesia
644 2200 847 2236 donare
880 2200 1125 2245 delictum,
1166 2200 1253 2236 sed
1285 2211 1380 2236 non
1412 2200 1605 2244 faciam,

160 2267 221 2291 ne
254 2261 302 2291 et
332 2256 441 2293 alia
472 2256 809 2305 delinquant.

273 2312 335 2349 De
365 2326 492 2349 resurr.
524 2314 656 2350 carnis.
715 2325 756 2350 11
794 2314 859 2351 De
891 2314 1035 2362 quibus
1066 2313 1286 2351 luculenter
1316 2319 1355 2351 et
1381 2314 1604 2362 paracletus

160 2380 231 2416 per
260 2370 545 2418 prophetidem
569 2371 744 2408 Priscam
778 2371 976 2409 Carnes
1007 2377 1126 2408 sunt
1157 2377 1205 2408 et
1237 2382 1444 2407 carnem
1476 2372 1603 2408 ode—

159 2432 291 2463 runt

279 2525 318 2547 10
339 2496 406 2547 hle
435 2525 555 2557 21‚13
681 2517 767 2556 17fL
803 2517 873 2548 Ioel
909 2525 938 2555 Q
976 2525 1024 2557 13.
1067 2518 1130 2548 hffn
1157 2525 1268 2557 9‚13.
1310 2516 1604 2557 Ehech.33‚11.

164 2571 174 2592 1
205 2562 292 2593 Tim.
321 2572 351 2602 4,
382 2571 421 2592 10
494 2571 534 2593 22
561 2563 625 2593 Mt.
654 2570 683 2602 7,
711 2571 727 2593 2
802 2571 841 2603 23
870 2564 975 2594 Rom.
1007 2572 1055 2604 14,
1082 2573 1101 2603 4
1176 2570 1216 2603 ²4
1234 2563 1293 2594 Le.
1311 2563 1343 2600 6,
1369 2570 1410 2603 37
1485 2562 1528 2602 38
1547 2562 1603 2593 alii

160 2608 318 2639 Harnack
391 2616 433 2648 39
463 2608 553 2649 Opp.
580 2609 633 2639 ed.
660 2608 786 2640 Oehler
809 2610 857 2646 II,
882 2608 949 2649 480

1635 724 1667 740 10

1634 1010 1666 1036 Ῑ5

1632 1297 1665 1314 20

1630 1585 1664 1610 25

1629 1873 1663 1899 30

1627 2158 1660 2185 35

1625 2447 1658 2470 40
