1795 2860
238 33 284 69 18
511 38 632 60 TEXTE
658 38 729 60 ZUR
756 38 993 61 GESCHICHTE
1017 38 1085 61 DES
1111 38 1386 61 MONTANISMUS

233 146 370 184 στάσει
411 150 575 198 φρενῶν,
618 142 727 184 ἀλλὰ
768 142 808 184 ἐν
849 142 1036 184 ἐκστάσει
1078 144 1220 199 φόβου.
1255 177 1263 185 .
1308 176 1316 183 .
1359 145 1429 184 καὶ
1461 142 1573 198 ὁρᾷς,
1616 142 1671 190 ὡς

232 211 335 252 ἔστιν
366 210 461 252 ἰδεῖν
492 214 540 252 τὰ
563 215 692 252 πάντα
714 212 755 252 ὲν
777 210 957 267 ἀληθεία
979 214 1091 267 παρὰ
1111 219 1194 258 τοῖς
1217 215 1445 267 προφήταις
1467 210 1671 268 εἰρημένα,

232 282 302 321 καὶ
343 279 382 320 ἐν
423 279 628 336 ἐρρωμένη
672 281 829 334 διανοίᾳ.
870 282 940 321 καὶ
982 283 1158 337 σώφρονι
1189 282 1385 336 λογισμῷ,
1426 282 1497 322 καὶ
1529 278 1602 322 οὒκ
1633 279 1672 320 ἐν

234 349 509 404 παραπληξία.

349 420 370 456 8
404 416 453 457 Εἰ
495 418 537 458 δὲ
579 419 649 458 καὶ
690 418 809 458 πάλιν
852 419 1078 473 θελήσουσι
1119 419 1269 470 λέγειν·
1323 415 1400 474 οὐχ
1451 417 1574 472 ὅμοια
1623 420 1672 458 τὰ

232 493 370 540 πρῶτα
428 488 668 541 χαρίσματα
726 493 808 532 τοῖς
873 485 1088 542 ἐσχάτοις,
1159 488 1286 527 πόθεν
1351 492 1465 528 τοῦτο
1530 486 1674 542 ἔχουσι

234 554 379 600 δεῖξαι;
424 553 574 609 ὁμοίως
616 557 692 608 γάρ
724 554 924 610 αλλήλοις
957 553 993 595 οἱ
1025 554 1131 607 ἅγιοι
1162 561 1368 612 προφῆται
1398 557 1469 596 καὶ
1501 553 1538 596 οἱ
1569 553 1676 607 ἅγιοι

234 621 456 663 ἀπόστολοι
483 627 801 679 προεφήτευσαν.
837 655 844 663 .
871 656 877 663 .
904 656 911 663 .
935 623 1125 677 γΑγαβος
1157 625 1233 679 γὰρ
1255 625 1518 679 προφητευων
1539 623 1674 675 ἔλεγεν

233 693 303 731 καὶ
360 693 459 746 μετά
511 695 725 747 σχήματος
777 693 1018 747 θαυμαστοῦ
1071 691 1362 747 αἰνιττόμενος,
1419 693 1555 746 λαβὼν
1605 695 1674 747 τὴν

234 762 359 814 ζώνην
382 765 449 799 τοῦ
473 758 642 801 Παυλου
670 762 740 800 καὶ
773 759 902 815 δήσας
932 767 1014 807 τοῖς
1035 759 1151 807 ’ἰδίοις
1174 763 1290 802 ποσίν
1313 757 1479 815 ,,οῧτως,
1503 759 1549 802 οἷ)
1571 760 1674 802 ἐστιν

232 826 256 882 γ’,
292 830 394 883 ζώνη
430 824 542 883 αὕτη,
577 829 768 884 δήσουσιν
801 827 857 875 εἰς
880 828 1192 885 Ἱερουσαλήμ“.
1226 830 1337 871 ἀλλὰ
1367 832 1438 871 καὶ
1468 831 1588 871 πάλιν
1619 828 1674 870 ἐν’

232 896 454 952 Αντιοχεία
485 898 696 952 κατῆλθον
723 905 942 954 προφῆται,
975 900 1045 939 καὶ
1067 899 1344 954 κατήγγελλον
1366 899 1482 954 λιμὸν
1504 898 1676 940 ἔσεσθαι

233 965 333 1006 καθ>
366 964 467 1021 ’ὅλης
498 972 569 1021 τῆς
602 964 856 1022 οἰκουμένης.
913 969 984 1008 καὶ
1016 964 1061 1008 οἵ)
1094 968 1273 1009 διέπεσεν
1306 966 1326 1009 6
1358 969 1505 1009 τουτων
1537 969 1673 1020 λόγος.

234 1033 328 1075 αλλ’
373 1032 437 1075 ἵνα
480 1035 586 1089 δείξῃ
631 1032 776 1081 αὐτοὺς
821 1034 994 1091 ἀληθεῖς
1038 1039 1264 1092 προφήτας,
1305 1034 1331 1092 ἡ
1372 1039 1508 1092 γραφὴ
1551 1033 1674 1083 εόθὺς

233 1102 412 1159 ἐπιφέρει
462 1104 639 1155 λέγουσα
686 1103 799 1160 ,,ἥτις
845 1104 999 1156 ’ἐγένετο
1046 1103 1111 1146 ἐπὶ
1157 1103 1369 1146 Κλαυδίου
1416 1103 1673 1160 Καίσαροςίί.

235 1170 401 1218 Παῦλος
443 1172 486 1213 δέ
518 1171 538 1213 6
572 1171 792 1224 άγιώτατος
826 1171 1056 1220 ἀπόστολος
1087 1175 1350 1230 προφητευων
1382 1173 1496 1226 ἔλεγε
1529 1178 1599 1222 ,,τὸ
1633 1175 1675 1215 δέ

234 1247 388 1296 πνεῦμα
425 1239 555 1296 ῥητῶς
586 1243 706 1294 λέγει,
749 1240 789 1283 ἐν
821 1241 1016 1298 ἐσχάταις
1046 1241 1220 1298 ἡμέραις
1252 1241 1510 1299 ἐνστήσονται
1540 1246 1676 1298 καιροὶ

232 1310 438 1365 χαλεποί“
479 1312 549 1351 καὶ
580 1312 628 1350 τὰ
660 1309 764 1366 ἑξῆς.
825 1313 896 1352 καὶ
927 1312 1047 1352 πάλιν
1080 1310 1228 1352 ἄλλοτε
1260 1311 1319 1353 ὅτι
1350 1311 1676 1368 ,,άποστήσονταί

233 1392 332 1424 τινες
373 1385 446 1434 τῆς
488 1376 746 1435 υγιαινουσης
779 1379 1061 1434 διδασκαλίας,
1102 1384 1374 1436 προσέχοντες
1405 1382 1576 1428 πλάνοις
1606 1383 1677 1423 καὶ

234 1446 520 1494 διδασκαλίαις
552 1447 765 1503 δαιμόνων,
798 1449 1033 1490 κωλυόντων
1063 1456 1216 1505 γαμεῖν,
1250 1448 1487 1506 ἀπέχεσθαι
1509 1451 1676 1506 βρωμά-

234 1530 319 1570 των,
364 1516 389 1555 ἂ
427 1514 447 1556 6
478 1517 579 1563 θεὸς
612 1516 764 1558 ἔκτισεν
797 1515 853 1564 εἰς
887 1518 1108 1573 μετάληψιν
1139 1524 1222 1565 τοῖς
1255 1517 1339 1573 μετ’
1371 1516 1674 1575 εὖχαριστίας“.

235 1584 288 1631 ως
335 1592 480 1640 σαφῶς
526 1585 589 1640 ἐφ’
637 1582 726 1641 ὑμῖν
772 1588 842 1626 καὶ
882 1592 965 1632 τοῖς
1006 1584 1162 1641 ὁμοίοις
1204 1585 1292 1642 ὑμῖν
1334 1580 1595 1643 πεπλήρωται
1636 1588 1676 1636 ἐξ

235 1651 362 1694 αὐτῶν
393 1661 467 1694 τῶν
500 1658 785 1710 προκειμένων.
835 1653 876 1695 αἱ
906 1658 982 1710 γὰρ
1015 1656 1180 1703 πλείους
1210 1663 1286 1697 τῶν
1318 1654 1509 1711 αἱρέσεων
1530 1658 1676 1698 τουτων

233 1724 276 1762 τὸ
297 1728 438 1776 γαμεῖν
460 1723 698 1776 κωλυουσιν,
727 1722 962 1780 ἀπέχεσθαι
985 1725 1205 1779 βρωμάτων
1226 1726 1578 1780 παραγγέλλουσιν
1602 1758 1609 1766 .
1634 1759 1642 1766 .
1667 1759 1674 1766 .

350 1804 372 1842 9
408 1789 456 1831 ‘H
491 1791 532 1832 δὲ
564 1790 659 1843 άγία
691 1790 892 1848 ἐκκλησία
922 1795 992 1834 καὶ
1023 1795 1245 1848 παρθενίαν
1277 1793 1434 1842 δοξάζει
1464 1796 1534 1835 καὶ
1555 1798 1676 1849 μονό-
1699 1804 1711 1820 ²

233 1874 332 1914 τητα
363 1861 433 1900 καὶ
474 1858 633 1911 ἁγνείαν
673 1863 744 1901 καὶ
783 1863 1015 1917 χηροσυνην
1057 1862 1220 1917 ἐπαινεῖ,
1262 1865 1333 1904 καὶ
1372 1866 1502 1918 γάμον
1534 1865 1677 1919 σεμνὸν

234 1935 327 1981 τιμᾶ,
359 1930 429 1968 καὶ
461 1928 624 1984 δέχεται
646 1961 654 1969 .
679 1961 687 1969 .
713 1962 720 1969 .
753 1932 889 1985 χαίρει
921 1932 992 1985 μὲν
1024 1930 1088 1972 ἐπὶ
1118 1938 1201 1978 τοῖς
1224 1933 1272 1972 τὰ
1295 1931 1460 1986 δοκίμια
1481 1938 1555 1988 τῆς
1574 1934 1676 1974 θεο-

235 1997 394 2049 σεβείας
427 1997 662 2052 δυναμένοις
685 1996 963 2040 ἐνδείκνυσθαι
983 2001 1054 2040 καὶ
1073 2002 1298 2055 παρθενίαν
1320 1999 1458 2041 ἀσκεῖν
1482 1999 1674 2056 αἱρουμέ-

234 2079 316 2110 νοις
343 2066 412 2105 καὶ
443 2063 602 2117 ἁγνείαν
633 2069 703 2107 καὶ
734 2065 989 2121 ἐγκράτειαν·
1021 2071 1091 2124 τὴν
1123 2068 1167 2109 δὲ
1198 2071 1449 2125 μονογαμίαν
1469 2077 1576 2124 τιμᾷ.
1602 2102 1609 2110 .
1635 2102 1642 2110 .
1668 2103 1675 2110 .

236 2130 344 2173 οὗτοι
386 2134 428 2174 δὲ
469 2135 672 2175 κωλυουσι
714 2138 819 2176 κατὰ
859 2139 903 2177 τὸ
947 2135 1157 2192 εἰρημένον
1199 2138 1462 2186 ,,κωλυόντων
1493 2145 1675 2194 γαμεῐνίί.

235 2201 484 2254 ἐκβάλλουσι
514 2205 590 2257 γὰρ
613 2205 678 2244 τὸν
700 2205 872 2259 δευτέρῳ
893 2208 1011 2260 γάμῳ
1034 2208 1291 2262 συναφθέντα
1312 2208 1383 2247 καὶ
1404 2205 1678 2259 ἀναγκάζουσι

236 2272 290 2325 μὴ
324 2269 490 2325 δευτέτῳ
521 2275 638 2326 γάμῳ
671 2275 959 2314 συνάπτεσθαι.
994 2306 1002 2314 .
1037 2306 1045 2314 .
1079 2306 1087 2315 .

357 2354 404 2380 10
426 2338 474 2380 Ὁ
507 2341 550 2380 δὲ
572 2339 784 2387 Μοντανὸς
817 2340 932 2389 οὗτος
965 2341 985 2383 6
1018 2341 1157 2399 αυχῶν
1183 2342 1324 2386 ἑαυτὸν
1346 2343 1446 2387 εἶναι
1467 2348 1677 2402 προφήτην

235 2410 305 2448 καὶ
346 2409 560 2464 πλανήσας
590 2411 684 2457 τοὺς
715 2408 781 2451 ὑπ’
814 2408 935 2452 αὐτοῦ
967 2412 1301 2468 πεπλανημένους
1333 2411 1540 2454 ἀσυστατα
1570 2415 1677 2455 κατὰ

356 2514 554 2551 10Act.21‚
585 2523 619 2544 11
663 2509 763 2554 οὗτος
788 2514 844 2546 hss
906 2516 977 2546 12f.
998 2524 1034 2557 15
1049 2518 1127 2548 Act.
1148 2526 1264 2556 11‚27.
1283 2517 1324 2548 28
1389 2517 1428 2549 16
1455 2526 1472 2548 2
1500 2518 1589 2549 Tim.
1609 2526 1639 2558 3,
1661 2527 1672 2548 1

240 2558 278 2586 18
310 2566 320 2586 1
350 2557 438 2589 Tim.
466 2569 496 2599 4,
528 2569 610 2600 1—3

1697 776 1727 792 10

1697 1118 1727 1143 15

1697 1461 1729 1478 20

1698 2147 1730 2172 30
