1811 2876
517 33 902 58 PSEUDOTERTULLIAN
909 51 915 57 .
952 34 1178 58 EPIPHANIL‘S

555 164 1147 204 PSEUDOTERTL'LLIAN

240 245 337 282 Adv.
370 259 492 282 omnes
522 246 682 282 haereses
713 246 799 292 (aus
829 245 1029 294 Hippola)
1062 258 1093 282 c.
1120 256 1152 293 7.
1209 245 1471 282 Accesserunt
1503 245 1565 281 alii

126 303 326 347 haeretici,
367 304 433 352 qui
470 303 655 340 dicuntur
686 302 917 340 Secundum
951 302 1147 351 Phrygas;
1190 303 1260 339 sed
1304 302 1445 339 horum
1482 313 1564 339 non

125 372 207 398 una
237 360 420 398 doctrina
452 368 520 397 est.
553 367 644 398 sunt
677 360 782 397 enim
815 360 882 409 qui
906 359 1011 396 Kata
1035 359 1218 397 Proclum
1251 360 1446 404 dicuntur,
1478 367 1570 396 sunt

93 430 108 456 s
125 417 191 455 alii
222 418 291 467 qui
321 418 554 455 Secundum
576 417 820 455 Aeschinem
842 417 1162 466 pronuntiantur.
1213 417 1252 453 hi
1275 417 1426 454 habent
1447 417 1565 453 aliam

125 486 384 512 communem
406 474 711 524 blasphemiam,
737 474 856 512 aliam
878 474 1170 523 blasphemiam
1191 486 1274 511 non
1297 486 1567 517 communem,

125 532 199 570 sed
237 533 478 581 peculiarem
521 539 559 569 et
590 543 715 569 suam,
776 538 813 568 et
845 543 1102 568 communem
1133 532 1297 580 quidem
1329 531 1445 575 illam,
1487 542 1567 579 qua

124 589 166 626 in
200 589 392 638 apostolis
414 589 578 639 quidem
600 589 735 626 dicant
755 589 935 638 spiritum
957 595 1139 626 sanctum
1162 589 1290 633 fuisse,
1323 588 1566 636 paracletum

126 657 210 684 non
240 647 373 691 fuisse,
405 652 444 683 et
475 658 555 696 qua
581 646 715 683 dicant
735 646 981 695 paracletum
1002 646 1116 694 plura
1138 646 1177 682 in
1199 645 1399 682 Montano
1422 645 1568 682 dixisse

78 715 109 733 ιο
127 714 250 753 quam
282 703 483 741 Christum
525 703 566 740 in
608 703 855 752 evangelium
887 703 1107 752 protulisse,
1151 714 1226 739 nec
1257 708 1411 739 tantum
1442 702 1566 750 plura,

125 761 198 798 sed
242 761 362 798 etiam
394 761 559 798 meliora
590 766 629 797 et
660 761 821 797 maiora.
882 760 1077 809 privatam
1108 767 1243 797 autem
1274 759 1565 808 blasphemiam

125 817 178 854 illi
210 818 278 867 qui
308 825 401 855 sunt
423 817 532 855 Kata
553 817 797 855 Aeschinem
823 818 929 854 hanc
951 817 1113 861 habent,
1145 829 1223 866 qua
1245 816 1422 853 adiciunt
1447 816 1566 852 etiam

125 874 216 921 hoc,
250 876 303 912 uti
335 875 470 912 dicant
503 873 703 912 Christum
735 875 867 923 ipsum
901 886 987 911 esse
1019 874 1143 910 filium
1176 881 1214 910 et
1245 881 1409 922 patrem.

674 1090 1021 1128 EPIPHANIUS

75 1185 108 1210 ¹5
242 1174 434 1229 Panan'gn
465 1174 563 1210 haer.
586 1173 651 1219 48,
690 1183 720 1209 1.
763 1168 871 1211 Ἀπὸ
909 1170 1056 1209 τουτων
1098 1168 1213 1223 ἑτέρα
1254 1170 1372 1209 πάλιν
1415 1167 1567 1222 αἵρεσις

125 1238 345 1282 ἀνακυπτει
374 1247 450 1281 τῶν
472 1237 646 1294 Φρυγῶν
668 1239 917 1293 καλουμένη,
950 1239 1176 1293 σι’)γχρονος
1197 1241 1387 1292 γενομένη
1410 1238 1565 1284 τουτοις

125 1310 197 1350 καὶ
226 1305 373 1355 αὐτοὺς
405 1307 689 1364 διαδεχομένη.
737 1304 850 1347 αὐτοὶ
870 1308 946 1361 γὰρ
968 1309 1155 1359 γεγόνασι
1180 1308 1266 1359 περὶ
1287 1308 1330 1346 τὸ
1357 1304 1564 1356 ἐννεακαι-

126 1377 295 1419 δέκατον
325 1375 416 1423 ἔτος
437 1375 676 1417 Ἀντωνίνου
706 1381 774 1416 τοῦ
802 1373 992 1428 εὐσεβοῦς
1014 1380 1082 1416 τοῦ
1104 1377 1203 1430 μετὰ
1226 1374 1452 1429 Ἂδριανόν.
1495 1377 1567 1415 καὶ

127 1444 148 1486 ὁ
179 1443 378 1499 Μαρκίων
418 1445 462 1485 δὲ
501 1447 571 1486 καὶ
612 1442 649 1485 οἱ
690 1446 779 1499 περὶ
809 1442 1004 1485 Τατιανὸν
1040 1446 1110 1484 καὶ
1152 1441 1188 1484 οἱ
1221 1442 1289 1484 ἀπ’
1323 1441 1442 1484 αὐτοῦ
1476 1443 1565 1483 δια-

75 1533 109 1552 ²0
126 1513 336 1569 δεξάμενοι
357 1512 614 1568 Ἐγκρατῖται
636 1512 675 1554 ἐν
696 1516 863 1569 χρόνοις
885 1511 1104 1566 Ἀδριανοῦ
1125 1514 1196 1553 καὶ
1218 1514 1317 1567 μετὰ
1335 1511 1563 1566 Ἀδριανόν.

247 1596 278 1622 1.
319 1579 442 1623 Οὔτοι
490 1583 567 1637 γὰρ
619 1579 656 1622 οἱ
704 1583 810 1622 κατὰ
861 1579 1031 1636 Φρύγας
1081 1581 1326 1636 καλουμενοι
1377 1579 1565 1635 δέχονται

127 1659 262 1694 πᾶσαν
310 1654 509 1707 γραφήν»
535 1652 715 1692 παλαιὰν
765 1652 835 1691 καὶ
880 1653 971 1691 νέαν
1015 1650 1247 1705 διαθήκην,
1298 1651 1368 1689 καὶ
1418 1655 1565 1703 νεκρῶν

126 1719 346 1763 ἀνάστασιν
377 1718 529 1775 ὁμοίως
560 1720 733 1770 λέγουσι.
779 1717 987 1760 Μοντανὸν
1009 1718 1052 1758 δέ
1072 1732 1158 1758 τινα
1178 1721 1388 1773 προφήτην
1410 1714 1565 1772 αὐχοῦ-

127 1804 188 1832 σιν
228 1788 337 1846 ἔχειν
377 1790 449 1830 καὶ
489 1787 741 1843 Πρίσκιλλαν
773 1789 843 1828 καὶ
874 1786 1133 1842 Μαξίμιλλαν
1163 1786 1438 1842 προφήτιδας·
1502 1783 1562 1831 οἷς

74 1877 107 1904 25
125 1861 399 1914 προσέχοντες
424 1859 495 1898 ,τὸν
525 1862 615 1898 νοῦν
647 1855 869 1911 ἐξέτρεψαν.
910 1858 998 1910 περὶ
1030 1855 1074 1896 δὲ
1104 1857 1256 1908 πατρὸς
1288 1856 1357 1895 καὶ
1388 1852 1473 1895 υἱοῦ
1495 1856 1566 1895 καὶ

125 1925 243 1980 ἁγίου
273 1927 499 1982 πνευματος
531 1924 681 1980 ὁμοίως
714 1930 906 1981 φρονοῦσι
930 1931 977 1979 τῇ
1000 1922 1096 1977 ἁγία
1116 1925 1325 1978 καθολικῄ
1348 1923 1564 1975 ἐκκλησίᾳ.

126 1994 357 2052 ἀπέσχισαν
388 1995 432 2036 δὲ
463 1993 622 2041 αὐτοὺς,
656 1997 954 2049 ,προσέχοντες
985 1993 1182 2046 πνευμασι
1213 1993 1370 2047 πλάνης
1401 1993 1470 2032 καὶ
1503 1991 1561 2031 δι-

127 2064 372 2111 δασκαλίαις
399 2063 657 2118 δαιμονίων“,
689 2061 748 2104 ὅτι
766 2063 826 2103 δεῖ
853 2060 978 2117 ἡμᾶς,
1011 2064 1123 2117 φησί,
1156 2063 1204 2102 τὰ
1225 2063 1463 2116 χαρίσματα
1497 2059 1563 2100 δέ-

126 2134 283 2189 χεσθαι
314 2165 323 2174 .
357 2164 366 2174 .
400 2165 409 2173 .

75 2219 109 2245 ³0
243 2215 278 2242 2.
300 2200 406 2243 Ἰδοὺ
437 2203 515 2255 γὰρ
536 2199 578 2247 ἐξ
599 2198 724 2255 αὐτῆς
744 2206 816 2255 τῆς
838 2197 1077 2245 ν’)ποθὲσεως
1098 2197 1332 2253 ἐλέγχονται
1355 2200 1409 2253 μή
1443 2197 1563 2238 δυνα-

127 2284 240 2325 μενοι
277 2271 459 2326 πληροῦν
494 2271 542 2311 τὰ
573 2267 639 2311 ὑπ’
670 2267 798 2309 αὐτῶν
828 2266 869 2309 ἐν
901 2268 1126 2324 φιλονεικία
1157 2265 1469 2323 υπισχνοῦμενα.
1531 2264 1564 2306 εἰ

125 2339 204 2395 γὰρ
235 2338 297 2380 δεῖ
321 2341 561 2395 χαρίσματα
592 2338 792 2393 δέχεσθαι
822 2338 892 2378 καὶ
924 2336 982 2377 δεῖ
1012 2334 1112 2378 εἶναι
1132 2335 1173 2376 ἐν
1194 2335 1395 2390 ἐκκλησία.
1414 2336 1564 2390 χαρίσ-

127 2422 250 2463 ματα,
289 2414 377 2454 πῶς
412 2405 546 2449 οὒκὲτι
577 2408 677 2463 μετὰ
707 2404 916 2447 Μοντανὸν
946 2407 1017 2447 καὶ
1048 2403 1299 2458 Πρίσκιλλαν
1330 2405 1401 2444 καὶ
1430 2402 1563 2449 Μαξί-

246 2508 260 2532 1
287 2500 428 2532 Tertull.
453 2509 556 2541 opera
579 2500 632 2531 ed.
658 2498 783 2531 Oehler
842 2507 881 2538 14
898 2508 1001 2540 opera
1018 2497 1071 2529 ed.
1091 2497 1239 2528 Dindorf
1254 2497 1300 2534 11,
1322 2495 1388 2536 426
1399 2496 1436 2527 ff.
1451 2507 1482 2526 u.
1499 2496 1563 2531 ΠΙ,

128 2552 194 2585 710
202 2546 241 2579 ff.
251 2545 335 2587 5vgl.
348 2546 464 2587 Voigt‚
473 2546 515 2577 E.
525 2544 871 2577 verseholl.Urkunde
879 2544 911 2576 d.
926 2544 1102 2576 antimont.
1113 2543 1282 2584 Kampfes
1314 2550 1353 2580 27
1374 2551 1384 2572 1
1400 2542 1488 2572 Tim.
1501 2551 1531 2581 4,
1548 2549 1558 2571 1
