1795 2860
174 62 224 97 28
442 68 563 90 TEXTE
590 68 663 91 ZUR
691 66 930 91 GESCHICHTE
958 68 1025 91 DES
1051 68 1328 92 MONTANISMUS

172 187 387 212 commune
409 176 595 212 omnibus
618 176 900 212 obeundorum
921 176 1169 221 ieiuniorum,
1191 176 1362 224 proinde
1382 189 1456 214 nec
1478 179 1616 215 statio-

173 245 280 276 num,
314 244 419 281 quae
451 238 489 269 et
520 233 630 281 ipsae
661 244 753 270 suos
785 233 949 282 quidem
982 233 1066 270 dies
1098 233 1274 270 habeant
1306 240 1471 282 quartae
1496 235 1617 272 feriae

175 295 212 326 et
252 296 397 333 sextae,
440 289 595 338 passive
634 295 770 326 tamen
811 296 979 335 currant,
1021 302 1154 338 neque
1195 291 1269 326 sub
1300 290 1385 340 lege
1416 292 1618 340 praecepti

174 358 307 395 neque
349 346 447 382 ultra
487 358 716 395 supremam
758 347 846 391 diei,
888 348 1054 396 quando
1096 353 1135 383 et
1175 347 1375 384 orationes
1406 349 1488 385 fere
1519 348 1619 385 hora

174 415 283 439 nona
313 404 537 448 concludat,
569 405 621 440 de
643 404 748 440 Petri
779 405 976 453 exemplo,
1008 405 1117 453 quod
1140 404 1249 440 Actis
1280 405 1456 442 refertur.
1502 417 1618 442 xero-

175 461 340 509 phagias
372 472 466 497 vero
497 473 647 497 novum
678 462 854 498 affectati
885 461 1003 498 officii
1036 472 1187 498 nomen
1220 467 1257 497 et
1284 461 1511 510 proximum
1532 463 1619 499 eth-

176 517 290 554 nicae
311 518 592 565 superstitioni,
616 519 755 567 quales
772 519 1030 555 castimoniae
1047 518 1180 566 Apim,
1204 518 1353 555 Isidem
1372 524 1411 555 et
1427 518 1621 568 Magnam

178 574 350 610 Matrem
383 580 581 611 certorum
613 575 837 612 eduliorum
870 575 1107 624 exceptione
1138 575 1361 624 purificant,
1397 588 1489 613 cum
1520 577 1622 613 fides

177 631 296 668 libera
328 631 366 667 in
391 631 549 668 Christo
572 644 622 668 ne
645 632 836 669 Iudaicae
857 632 1020 681 quidem
1042 633 1117 682 legi
1139 632 1422 670 abstinentiam
1443 645 1621 682 quorun-

179 689 272 724 dam
314 689 493 724 ciborum
526 689 683 733 debeat,
725 689 848 726 semel
879 690 918 725 in
951 695 1079 726 totum
1111 689 1323 726 macellum
1355 690 1405 726 ab
1437 691 1622 739 apostolo

178 745 365 789 admissa,
409 746 652 783 detestatore
693 759 832 783 eorum
870 746 936 796 qui
967 747 1067 784 sicut
1098 747 1250 783 nubere
1281 747 1530 796 prohibeant,
1570 748 1625 784 ita

178 803 343 839 iubeant
375 802 471 839 cibis
502 803 703 840 abstinere
733 815 757 840 a
778 804 869 841 Deo
901 804 1081 841 conditis.
1133 810 1172 841 et
1201 804 1294 840 ideo
1326 816 1400 841 nos
1432 816 1519 842 esse
1544 805 1625 841 iarn

179 866 274 896 tunc
305 866 566 908 praenotatos
586 860 650 904 „in
672 861 894 898 novissimis
926 861 1173 910 temporibus
1205 861 1468 899 abscedentes
1489 873 1513 898 a
1534 863 1626 907 fide,

180 917 437 954 intendentes
464 917 662 965 spiritibus
685 918 825 954 mundi
846 918 1135 963 seductoribus,
1168 918 1357 955 doctrinis
1379 919 1625 956 mendacilo-

182 986 351 1022 quorum
384 975 555 1011 inustam
579 975 774 1012 habentes
797 976 1116 1012 conscientiam“.
1163 976 1318 1024 quibus,
1351 987 1422 1013 oro
1446 981 1496 1021 te,
1528 976 1626 1025 igni-

181 1032 286 1067 bus?
331 1032 463 1076 credo,
506 1032 649 1080 quibus
690 1033 849 1081 nuptias
881 1045 1003 1082 saepe
1035 1033 1271 1070 deducimus
1304 1038 1343 1069 et
1374 1045 1494 1070 cenas
1526 1045 1627 1082 quo-

182 1088 277 1124 tidie
309 1088 548 1137 coquimus?
581 1090 635 1126 sic
668 1096 705 1126 et
737 1102 829 1126 cum
850 1089 1003 1128 Galatis
1034 1102 1108 1127 nos
1141 1101 1304 1138 quoque
1330 1091 1484 1138 percuti
1505 1090 1627 1136 aiunt,

184 1146 462 1183 observatores
513 1147 669 1182 dierum
715 1153 753 1183 et
800 1148 997 1184 mensium
1044 1153 1083 1184 et
1129 1159 1338 1184 annorum.
1409 1147 1630 1185 iaculantur

185 1203 337 1239 interea
369 1209 406 1239 et
440 1203 601 1240 Esaiam
633 1204 924 1253 pronuntiasse,
957 1204 1078 1249 „Non
1110 1204 1188 1241 tale
1219 1204 1410 1241 ieiunium
1442 1205 1629 1242 dominus

185 1260 333 1308 elegit“‚
366 1260 405 1295 id
440 1267 498 1297 est
529 1273 611 1297 non
643 1262 926 1298 abstinentiam
958 1262 1046 1306 cibi,
1077 1262 1149 1298 sed
1180 1273 1304 1310 opera
1334 1261 1504 1299 iustitiae
1526 1274 1630 1311 quae

185 1317 379 1364 subtexit,
423 1324 461 1354 et
500 1318 630 1366 ipsum
673 1318 883 1355 dominum
920 1319 960 1355 in
1002 1318 1208 1368 evangelio
1250 1319 1303 1355 ad
1334 1330 1498 1356 ornnem
1530 1319 1632 1356 circa

186 1374 333 1410 victum
365 1375 712 1423 scrupulositatem
745 1376 990 1425 compendio
1021 1376 1288 1424 respondisse,
1320 1388 1403 1413 non
1434 1376 1494 1413 his
1521 1388 1631 1413 com-

187 1431 380 1468 municari
422 1432 627 1469 hominem
669 1445 774 1481 quae
815 1434 854 1469 in
897 1445 940 1470 os
972 1433 1201 1478 inferantur,
1242 1433 1314 1470 sed
1347 1445 1451 1482 quae
1483 1446 1532 1470 ex
1563 1446 1632 1471 ore

188 1489 450 1537 proferantur,
482 1502 572 1527 cum
606 1496 644 1526 et
674 1490 759 1539 ipse
787 1492 1048 1528 manducaret
1072 1497 1109 1527 et
1130 1491 1284 1528 biberet
1304 1502 1432 1539 usque
1452 1491 1493 1527 in
1515 1497 1631 1529 nota-

187 1546 362 1582 tionem:
406 1558 522 1590 „ecce
564 1547 687 1584 homo
730 1554 889 1584 vorator
926 1553 964 1584 et
1005 1549 1210 1596 potator!“
1250 1548 1306 1584 sic
1337 1554 1376 1585 et
1405 1548 1630 1597 apostolum

189 1604 346 1647 docere,
388 1605 498 1652 quod
539 1616 653 1648 „esca
684 1616 758 1641 nos
790 1605 880 1642 Deo
915 1617 998 1642 non
1029 1605 1299 1650 commendet,
1340 1617 1474 1654 neque
1504 1605 1633 1642 abun-

190 1661 343 1705 dantes,
386 1661 415 1697 si
457 1662 636 1699 edamus.
680 1674 812 1710 neque
849 1662 1092 1707 deficientes,
1137 1662 1280 1699 sinon
1313 1663 1514 1700 edamus“.
1574 1662 1634 1700 his

190 1724 229 1754 et
260 1718 489 1754 huiusmodi
521 1719 702 1756 sensibus
735 1731 782 1755 eo
815 1720 893 1756 iam
925 1719 1116 1756 subtiliter
1145 1720 1328 1766 tendunt,
1359 1726 1402 1756 ut
1422 1720 1635 1768 unusquis-

191 1787 270 1824 que
316 1776 480 1823 pronior
525 1777 651 1812 ventri
691 1777 817 1825 possit
857 1789 1107 1825 supervacua
1149 1789 1225 1813 nec
1265 1778 1370 1814 adeo
1413 1777 1636 1814 necessaria

192 1832 419 1869 existimare
451 1833 594 1869 sublati
627 1834 687 1870 vel
721 1834 917 1871 deminuti
943 1835 1004 1870 vel
1027 1834 1223 1871 demorati
1245 1834 1323 1871 cibi
1345 1834 1488 1879 officia,
1520 1846 1634 1883 prae-

192 1896 371 1938 ponente
403 1890 549 1927 scilicet
572 1890 663 1928 Deo
696 1891 865 1929 iustitiae
897 1898 935 1928 et
966 1891 1222 1928 innocentiae
1253 1903 1388 1940 opera.
1431 1897 1471 1928 et
1490 1891 1636 1928 scimus

193 1947 330 1995 quales
372 1947 448 1983 sint
490 1948 710 1984 carnalium
752 1949 1061 1986 commodorum
1103 1949 1315 1993 suasoriae,
1358 1960 1480 1997 quam
1521 1948 1637 1985 facile

193 2005 368 2041 dicatur:
404 2016 504 2052 opus
537 2011 595 2041 est
627 2006 678 2042 de
710 2007 801 2042 totis
833 2006 1076 2055 praecordiis
1108 2006 1281 2050 credam,
1314 2005 1472 2055 diligam
1501 2005 1636 2042 Deum

194 2068 232 2098 et
273 2062 500 2110 proximum
538 2068 732 2111 tanquam
765 2076 839 2100 me.
900 2063 961 2107 „in
995 2063 1054 2100 his
1086 2063 1192 2100 enim
1224 2063 1383 2100 duobus
1413 2063 1638 2112 praeceptis

194 2126 277 2157 tota
314 2119 376 2155 lex
408 2120 560 2167 pendet
592 2126 631 2156 et
662 2120 920 2168 prophetae“.
964 2133 1045 2157 non
1078 2121 1117 2156 in
1148 2120 1384 2169 pulmonum
1417 2126 1455 2157 et
1486 2121 1637 2157 intesti-

194 2189 337 2213 norum
370 2188 549 2213 meorum
583 2177 785 2214 inanitate.

317 2244 366 2271 to
398 2235 540 2283 Aeque
571 2234 762 2271 stationes
794 2241 949 2272 nostras
982 2242 1023 2271 ut
1044 2234 1224 2279 indictas,
1257 2235 1450 2283 quasdam
1484 2246 1578 2270 vero
1602 2240 1639 2270 et

195 2293 233 2328 in
276 2304 408 2328 serum
450 2292 685 2328 constitutas
727 2292 914 2329 novitatis
947 2292 1111 2329 nomine
1141 2292 1334 2336 incusant,
1367 2291 1444 2328 hoc
1476 2302 1639 2340 quoque

196 2361 341 2385 munus
383 2355 421 2386 et
463 2362 510 2385 ex
548 2349 708 2385 arbitrio
750 2350 982 2386 obeundum
1026 2361 1112 2386 esse
1144 2349 1323 2386 dicentes
1356 2355 1395 2385 et
1425 2360 1507 2385 non
1539 2348 1639 2385 ultra

315 2504 330 2537 5
358 2499 436 2527 Act.
465 2505 494 2537 3,
526 2507 536 2527 1
641 2506 679 2528 10
710 2507 719 2528 1
752 2498 826 2528 Cor.
858 2506 908 2535 10,
936 2505 974 2538 25
1076 2505 1112 2536 13
1146 2505 1155 2526 1
1186 2496 1274 2527 Tim.
1301 2505 1333 2536 4,
1364 2494 1413 2525 1f.
1503 2501 1537 2534 17
1565 2495 1638 2526 Gal.

198 2553 230 2582 4,
262 2551 299 2572 10
366 2552 402 2581 ιι)
430 2544 492 2573 Ies.
522 2544 574 2583 58,
602 2544 671 2583 5sf.
733 2551 772 2573 22
802 2544 864 2574 Mt.
895 2551 945 2584 15,
977 2552 1009 2573 11
1089 2550 1127 2583 25
1155 2543 1218 2573 Mt.
1251 2550 1300 2579 11,
1330 2549 1368 2582 19
1451 2540 1491 2571 26
1521 2549 1531 2571 1
1563 2540 1638 2572 Cor.

200 2588 231 2625 8,
257 2588 274 2618 8
349 2597 388 2628 33
422 2597 431 2618 1
462 2590 549 2619 Tim.
582 2598 607 2625 1,
637 2596 652 2629 5
726 2597 768 2629 34
795 2590 858 2621 Mt.
887 2598 940 2627 22,
967 2589 1056 2629 37ff.
1145 2595 1185 2628 37
1213 2588 1366 2628 indignas

1645 710 1678 726 10

1650 994 1680 1019 15

1651 1280 1684 1297 20

1653 1565 1685 1590 25

1656 1850 1688 1876 30

1657 2136 1690 2162 55
