1795 2860
148 444 166 465 2

144 2228 163 2257 6

202 129 249 154 10
475 122 595 145 TEXTE
622 122 693 145 ZUR
719 121 957 157 GESCHICHTE
981 122 1049 145 DES
1074 122 1352 146 MONTANISMUS

197 227 324 269 αὐτῶν
358 230 572 284 πεποίηται
603 229 863 282 συγγραμμα,
894 229 967 274 τὰς
999 230 1070 282 μὲν
1102 231 1329 284 φερομένας
1371 225 1499 270 αὐτῶν
1531 242 1634 283 προ-

200 300 369 353 φητείας
401 297 560 352 ψευδεῖς
593 294 720 343 οὔσας
751 298 857 337 κατὰ
886 296 991 343 λέξιν
1024 294 1213 345 εὒθὺνων,
1255 299 1321 338 τὸν
1363 297 1407 337 δὲ
1444 298 1528 350 βίον
1557 303 1634 338 τῶν

194 374 265 422 τῆς
298 364 493 420 αἱρέσεως
525 364 717 421 ἀρχηγῶν
749 363 890 412 ὁποῖός
922 380 980 412 τις
1010 369 1168 418 γέγονεν
1204 365 1435 421 διελέγχων.
1497 362 1634 413 αὐτοῖς

196 438 239 477 δὲ
272 434 425 490 ῥήμασι
456 436 546 489 περὶ
576 440 644 475 τοῦ
676 432 889 475 Μοντανοῦ
919 440 1044 475 ταῦτα
1085 435 1273 486 λέγοντος
1315 433 1461 475 ἄκουε·
1496 433 1635 483 ,,ἀλλὰ

194 507 249 550 τίς
283 502 384 544 ἐστιν
418 500 533 549 οὗτος
565 501 585 543 ὁ
619 505 856 558 πρόσφατος
889 502 1139 549 διδάσκαλος
1179 504 1228 543 τὰ
1269 502 1369 556 ἔργα
1410 500 1532 544 αὐτοῦ
1562 505 1634 545 καὶ

192 571 215 627 ἡ
252 572 498 612 διδασκαλία
530 571 736 612 δείκνυσιν.
781 569 897 617 οὗτός
928 569 1033 612 ἐστιν
1066 569 1086 612 ὁ
1119 570 1284 618 διδάξας
1315 572 1452 618 λῦσεις
1481 574 1633 627 γάμων,

194 640 213 682 ὁ
251 642 437 695 νηστείας
468 642 762 695 νομοθετήσας,
796 638 816 681 ὁ
852 639 1067 686 Πέπουζαν
1098 642 1169 681 καὶ
1189 638 1340 695 Τύμιον
1362 638 1634 696 Ἰερουσαλὴμ

195 709 404 763 ὀνομάσας
438 710 594 762 (πόλεις
636 709 679 748 δέ
721 707 816 749 εἰσιν
859 705 975 749 αὗται
1016 711 1157 764 μικραὶ
1187 716 1259 765 τῆς
1291 707 1509 764 Φρυγίας),
1541 710 1634 757 τοὺς

193 780 453 834 πανταχόθεν
485 776 570 818 ἐκεῖ
599 783 836 830 συναγαγεῖν
868 775 1038 825 ἐθέλων,
1081 776 1101 818 ὁ
1143 784 1382 833 πρακτῆρας
1413 781 1634 834 χρημάτων

190 851 469 902 καταστήσας,
504 844 524 886 ὁ
558 845 620 887 ἐπ’
653 845 821 902 ὀνόματι
851 853 1096 903 προσφορῶν
1132 849 1203 902 τὴν
1245 847 1503 903 δωρολήψίαν
1544 847 1631 888 ἐπι-

194 919 457 972 τεχνώμενος,
491 914 511 956 ό
545 916 725 970 σαλάρια
755 922 948 971 χορηγῶν
978 921 1062 962 τοῖς
1095 915 1367 971 κηρυσσουσιν
1410 912 1532 956 αὐτοῦ
1568 919 1633 957 τὸν

191 987 323 1037 λόγον,
364 983 429 1025 ἵνα
470 985 535 1024 διὰ
577 990 649 1039 τῆς
690 986 1011 1039 γαστριμαργίας
1052 982 1077 1039 ἡ
1120 983 1369 1025 διδασκαλία
1408 989 1477 1025 τοῦ
1509 985 1633 1038 λόγου

193 1055 476 1109 κρατυνηται.“
537 1055 607 1093 καὶ
646 1058 773 1093 ταῦτα
815 1055 884 1107 μὲν
927 1054 1016 1107 περὶ
1055 1058 1123 1093 τοῦ
1156 1051 1390 1094 Μοντανοϋ·
1432 1055 1503 1094 καὶ
1543 1055 1634 1108 περὶ

191 1130 265 1163 τῶν
298 1121 554 1178 προφητίδων
577 1121 619 1162 δὲ
643 1118 763 1163 αὐτοῦ
791 1120 1055 1175 ὑποκαταβὰς
1082 1119 1183 1162 οἷ’)τω
1205 1124 1375 1177 γράφει·
1399 1121 1633 1177 ,,δείκνυμεν

191 1189 263 1232 οὖν
291 1189 416 1237 αὐτὰς
448 1192 610 1245 πρώτας
642 1192 713 1237 τὰς
747 1191 1001 1246 προφήτιδας
1031 1191 1190 1237 ταυτας,
1224 1188 1295 1246 ἀφ’
1327 1187 1373 1231 οἶ)
1413 1195 1482 1232 τοῦ
1514 1191 1633 1232 πνευ-

194 1275 320 1315 ματος
364 1258 681 1314 ὲπληρώθησαν,
723 1259 816 1305 τοὺς
858 1258 1009 1313 ἄνδρας
1051 1259 1375 1305 καταλιποῦσας.
1437 1266 1523 1306 πῶς
1565 1256 1632 1301 οὖν

195 1328 407 1383 εψευδοντο
455 1326 639 1382 Πρίσκαν
686 1329 891 1382 παρθένον
937 1326 1296 1376 ἀποκαλοῦντες;“
1341 1352 1394 1357 —
1434 1326 1502 1368 εἶτ’
1543 1326 1632 1369 ἐπι-

193 1400 304 1454 φέρει
325 1398 474 1448 λέγων·
509 1396 650 1443 ,,δοκεῐ
680 1410 745 1436 σοι
777 1403 889 1437 πᾶσα
921 1398 1058 1452 γραφη
1090 1397 1259 1437 κωλυειν
1281 1399 1492 1453 προφήτην
1523 1397 1632 1452 λαμ-

194 1468 324 1520 βάνειν
358 1465 469 1519 δώρα
500 1467 570 1505 καὶ
600 1467 820 1520 χρήματα;
864 1463 958 1506 ὅταν
990 1462 1058 1506 οὖν
1088 1463 1161 1505 ἰ’δω
1192 1467 1261 1520 τὴν
1298 1470 1496 1522 προφῆτιν
1518 1463 1631 1521 εἰλη-

195 1541 312 1591 φυῖαν
344 1536 415 1575 καὶ
445 1535 600 1589 χρυσὸν
631 1535 701 1574 καὶ
736 1532 908 1588 ἄργυρον
939 1535 1010 1573 καί
1041 1534 1275 1580 πολυτελεῖς
1308 1532 1503 1589 ἐσθῆτας,
1545 1541 1632 1581 πῶς

190 1600 312 1658 αυτὴν
355 1605 408 1657 μὴ
452 1605 817 1657 παραιτήσωμαι;“
861 1599 983 1648 αὖθις
1025 1603 1068 1642 δὲ
1109 1599 1375 1656 ὑποκαταβὰς
1405 1594 1496 1658 περί
1526 1617 1632 1650 τινος

191 1679 265 1712 τών
296 1670 386 1712 κατ’
420 1668 564 1717 αὐτοὺς
607 1669 869 1726 ὁμολογητών
901 1674 1026 1712 ταῦτά
1057 1684 1199 1727 φησιν·
1243 1669 1327 1719 ,,ἐ’τι
1368 1671 1411 1712 δὲ
1451 1673 1522 1712 καὶ
1553 1670 1631 1713 Θε-

190 1744 327 1796 μίσων,
362 1738 382 1780 ό
414 1742 484 1795 την
515 1739 743 1786 ἀξιόπιστον
775 1739 1006 1786 πλεονεξίαν
1030 1738 1322 1796 ἠμφιεσμένος,
1355 1737 1454 1796 ὁμὴ
1478 1741 1631 1794 βαστά-

190 1824 266 1856 σας
298 1816 369 1864 της
403 1807 626 1863 ὁμολογίας
656 1810 700 1849 τὸ
733 1814 913 1864 σημεῖον,
946 1807 1057 1849 ἀλλὰ
1088 1808 1241 1864 πλήθει
1271 1811 1494 1864 χρημάτων
1526 1807 1632 1851 ἀπο-

190 1881 363 1933 θέμενος
396 1880 443 1918 τὰ
476 1878 617 1932 δεσμά,
653 1877 743 1918 δέον
775 1876 839 1918 ἐπὶ
869 1878 994 1930 τουτῳ
1026 1883 1362 1934 ταπεινοφρονεῖν,
1395 1875 1451 1924 ὡς
1479 1880 1632 1933 μάρτυς

188 1949 459 2002 καυχώμενος
481 1945 716 2001 ἐτόλμησεν,
751 1947 998 2002 μιμουμένος
1028 1947 1094 1987 τὸν
1121 1945 1364 2000 ἀπόστολον,
1397 1947 1631 2002 καθολικήν

189 2030 275 2057 τινα
307 2015 601 2070 συνταξάμενος
634 2014 849 2070 ἐπιστολὴν
880 2021 1076 2071 κατηχεῐν
1108 2018 1178 2071 μὲν
1198 2016 1292 2062 τοὺς
1315 2014 1476 2071 ἄμεινον
1507 2013 1630 2057 αὐτοῦ

191 2087 520 2138 πεπιστευκότας,
554 2086 898 2136 συναγωνίζεσθαι
930 2084 973 2124 δὲ
997 2091 1080 2131 τοῖς
1102 2091 1174 2140 τῆς
1195 2086 1445 2140 κενοφωνίας
1477 2085 1629 2139 λόγοις,

189 2154 487 2208 βλασφημῆσαι
520 2153 563 2193 δὲ
594 2151 651 2199 εἰς
683 2156 748 2194 τὸν
779 2154 918 2207 κυριον
948 2155 1019 2194 καὶ
1048 2154 1141 2200 τοὺς
1173 2151 1430 2199 ἀποστόλους
1460 2155 1531 2194 καὶ
1560 2155 1630 2209 τὴν

190 2220 307 2274 ἁγίαν
329 2220 592 2277 ἐκκλησίαν.“
611 2247 664 2250 --
692 2224 763 2262 καὶ
784 2223 875 2276 περὶ
895 2220 1032 2276 ἑτέρου
1056 2222 1099 2262 δὲ
1122 2219 1244 2269 αὖθις
1269 2228 1345 2263 τῶν
1370 2220 1460 2263 κατ’
1484 2220 1630 2269 αὐτοὺς

187 2294 452 2346 τετιμημένων
470 2289 525 2337 ὡς
543 2291 593 2346 δὴ
617 2292 827 2346 μαρτυρων
850 2287 951 2331 οὕτω
972 2293 1119 2347 γράφει
1132 2304 1140 2314 ’
1160 2289 1250 2339 ,ἕνα
1268 2291 1311 2332 δὲ
1328 2293 1384 2347 μὴ
1402 2292 1492 2345 περὶ
1513 2291 1628 2332 πλει-

190 2362 286 2399 όνων
318 2360 509 2414 λέγωμεν,
541 2358 567 2415 ἡ
601 2366 800 2416 προφῆτις
831 2357 926 2415 ἡμῖν
957 2357 1107 2400 εἰπάτω
1138 2361 1187 2400 τὰ
1218 2361 1324 2401 κατὰ
1355 2357 1630 2414 Ἀλέξανδρον

189 2429 253 2467 τὸν
272 2428 440 2480 λέγοντα
461 2426 602 2469 ἑαυτὸν
626 2431 820 2483 μάρτυρα,
845 2426 876 2482 ᾧ
899 2435 1167 2477 συνεστιᾶται,
1190 2426 1221 2482 ᾧ
1244 2433 1538 2482 προσκυνοῦσιν
1559 2429 1630 2469 καὶ

189 2492 294 2548 αυτῷ
327 2496 484 2543 πολλοί,
519 2494 564 2537 οὗ
595 2498 668 2544 τὰς
700 2498 892 2552 λῃστείας
922 2498 993 2538 καὶ
1023 2498 1072 2537 τὰ
1114 2495 1226 2538 ἄλλα
1264 2497 1522 2553 τολμήματα,
1564 2494 1629 2551 ἐφ’

304 2598 356 2640 1,(2
384 2598 602 2645 προφητείας
625 2612 631 2631 ;
658 2598 879 2645 προφήτιδας
912 2601 975 2640 Syr
1072 2598 1112 2631 16
1144 2611 1244 2639 πωςτ
1271 2599 1406 2639 πάντως
1431 2599 1630 2632 Wendland

192 2651 226 2681 17
255 2642 456 2687 πρίσκιλλαν
529 2653 571 2685 30
597 2645 716 2690 ἑτέρου
736 2655 742 2677 :
761 2646 885 2690 ἑτέρων

1655 864 1686 881 10

1654 1213 1685 1238 Ι5

1653 1557 1685 1574 20

1651 1902 1683 1928 25
