1811 2876
720 698 1009 737 IRENAEUS

249 777 346 814 Adzv.
389 777 487 816 haer.
530 777 610 814 III.
651 792 696 820 11,
740 793 770 825 9.
843 778 920 815 Alii
966 791 1073 824 vero,
1124 787 1166 817 ut
1215 781 1369 818 donum
1414 782 1574 830 spiritus

134 835 381 879 frustrentur,
412 835 524 884 quod
545 834 585 870 in
607 835 831 872 novissimis
861 837 1109 885 temporibus
1139 838 1362 875 secundum
1383 839 1574 887 placitum

134 892 258 941 patris
298 892 471 929 effusum
513 897 571 928 est
610 892 650 928 in
693 892 916 930 humanum
955 905 1092 942 genus,
1134 894 1239 932 illam
1280 896 1455 944 speciem
1491 908 1573 934 non

46 967 48 969 ·
99 965 115 990 5
134 949 362 994 admittunt,
403 960 507 998 quae
539 955 599 986 est
629 950 850 986 secundum
883 949 1080 987 Ioannem
1122 952 1382 1001 evangelium,
1423 953 1463 989 in
1494 965 1574 1002 qua

133 1005 382 1055 paracletum
427 1017 470 1043 se
519 1005 729 1042 missurum
774 1007 963 1044 dominus
1008 1009 1210 1056 promisit,
1256 1010 1328 1046 sed
1374 1009 1487 1046 simul
1534 1017 1574 1047 et

134 1063 385 1112 evangelium
416 1069 455 1099 et
485 1062 766 1111 propheticum
798 1064 993 1112 repellunt
1025 1065 1226 1114 spiritum3
1259 1067 1434 1103 infelices
1471 1079 1573 1111 vere,

133 1120 202 1170 qui
230 1119 607 1169 pseudoprophetas
644 1120 808 1168 quidem
842 1132 928 1158 esse
968 1122 1120 1167 nolunt,
1163 1123 1439 1172 propheticam
1478 1136 1572 1161 vero

131 1177 300 1227 gratiam
321 1176 518 1226 repellunt
538 1177 590 1213 ab
613 1177 789 1222 ecclesia,
822 1178 963 1215 similia
988 1180 1185 1227 patientes
1207 1180 1278 1225 his,
1312 1181 1378 1229 qui
1411 1187 1573 1230 propter

83 1245 214 1279 meos,
257 1234 327 1283 qui
367 1234 407 1270 in
448 1233 652 1286 hypocrisi
698 1234 872 1280 veniunt,
919 1235 1036 1272 etiam
1078 1248 1101 1273 a
1143 1237 1306 1273 fratrum
1347 1239 1570 1274 communi-

132 1291 291 1328 catione
321 1302 364 1328 se
393 1291 605 1328 abstinent.
666 1291 784 1328 datur
813 1298 948 1329 autem
985 1293 1155 1342 intelligi,
1200 1295 1310 1342 quod
1342 1294 1570 1332 huiusmodi

131 1359 267 1398 neque
287 1347 515 1396 apostolum
538 1346 705 1384 Paulum
733 1348 935 1397 recipiant.
986 1350 1026 1386 in
1049 1361 1097 1386 ea
1119 1351 1225 1387 enim
1257 1345 1434 1400 epistola,
1467 1363 1571 1400 quae

132 1411 193 1442 est
241 1405 293 1442 ad
337 1404 588 1449 Corinthios,
630 1405 681 1441 de
721 1405 966 1454 propheticis
1017 1406 1318 1445 charismatibus
1364 1408 1571 1458 diligenter

131 1462 286 1500 locutus
317 1468 377 1499 est
408 1468 447 1499 et
476 1461 548 1499 scit
578 1462 682 1500 viros
714 1468 753 1498 et
783 1463 967 1500 mulieres
998 1464 1038 1500 in
1070 1464 1236 1501 ecclesia
1271 1465 1569 1513 prophetantes.

80 1533 112 1561 1⁵
130 1531 204 1568 per
233 1518 335 1556 haec
365 1519 481 1569 igitur
511 1519 647 1556 omnia
677 1526 890 1568 peccantes
921 1520 961 1556 in
997 1521 1177 1570 spiritum
1209 1521 1297 1566 Dei,
1340 1523 1378 1558 in
1419 1522 1569 1559 irremi-

130 1576 242 1614 sibile
272 1576 454 1613 incidunt
484 1582 706 1624 peccatum.

719 1793 991 1832 EUSEBIUS

242 1872 606 1921 Kirchengeschichte
638 1873 690 1919 ΙΙ,
724 1884 744 1910 2
752 1886 787 1924 5.
849 1867 976 1912 Οὒδὲν
1018 1870 1061 1912 δὲ
1096 1869 1212 1927 ἧττον
1243 1874 1311 1913 καὶ
1343 1871 1565 1929 ἐκκλησια-
1592 1884 1612 1914 (2

129 1940 266 1985 στικὸς
307 1936 431 1994 ἀνήρ,
473 1936 597 1986 Γάϊος
639 1938 791 1994 ὄνομα,
843 1941 949 1980 κατὰ
990 1938 1204 1995 Ζεφυρῖνον
1246 1939 1458 1996 Ῥωμαίων
1498 1957 1565 1995 γε-

76 2009 256 2059 20γονὼς
297 2005 540 2048 ἐπίσκοπον·
588 2007 633 2054 ὃς
674 2007 722 2062 δὴ
770 2006 948 2061 Πρόκλῷ
988 2013 1061 2063 τῆς
1101 2010 1207 2049 κατὰ
1248 2006 1418 2063 Φρὺγας
1463 2025 1563 2064 προ-

126 2078 327 2131 ϊσταμένῳ
356 2077 521 2131 γνώμης
556 2074 768 2132 ἐγγράφως
800 2076 1038 2132 διαλεχθεὶς
1081 2074 1183 2117 αὐτὰ
1223 2077 1272 2132 δὴ
1310 2083 1434 2118 ταῦτα
1475 2082 1564 2134 περὶ

126 2149 203 2185 τῶν
245 2146 401 2192 τόπων,
451 2144 553 2186 ἔνθα
597 2150 673 2185 τῶν
719 2142 937 2200 εἰρημένων
982 2143 1219 2186 ἀποστόλων
1273 2144 1444 2200 (Πέτρου
1493 2150 1563 2188 καὶ

126 2209 314 2263 Hormou)
353 2214 403 2253 τὰ
447 2210 535 2267 ἱερὰ
575 2215 822 2268 σκηνώματα
852 2214 1147 2261 κατατεθειται,
1185 2216 1326 2270 φησίν·
1380 2212 1484 2266 ,,ἐγὼ
1516 2215 1560 2255 δὲ
1588 2231 1603 2262 7

126 2281 175 2321 τὰ
213 2283 390 2336 τρόπαια
428 2288 505 2322 τῶν
545 2279 783 2323 ἀποστόλων
824 2281 910 2337 ἔχω
952 2280 1086 2328 δεῖξαι.
1148 2280 1218 2323 ἐὰν
1256 2284 1334 2336 γὰρ
1374 2283 1560 2338 θελήσῃς

75 2361 108 2388 ²⁵
125 2346 321 2390 ἀπελθεῖν
361 2347 428 2390 ἐπὶ
471 2350 538 2391 τὸν
576 2348 802 2392 Βατικανὸν
850 2349 876 2406 ἢ
918 2348 984 2391 ἐπὶ
1027 2352 1097 2405 τὴν
1141 2349 1234 2391 ὁδὸν
1274 2353 1343 2405 τὴν
1386 2349 1558 2395 Ὠστίαν,

125 2413 312 2473 εὑρήσεις
340 2419 392 2459 τὰ
420 2420 597 2473 τρόπαια
627 2425 703 2460 τῶν
734 2419 878 2474 ταῦτ-ην
911 2416 1184 2473 ἱδρυσαμένων
1204 2420 1273 2474 τὴν
1295 2417 1558 2474 ἐκκλησίαν“.

245 2553 257 2575 1
294 2549 365 2576 text
395 2543 481 2576 nach
505 2544 609 2582 Zahn,
635 2544 755 2577 Gesch.
782 2545 814 2577 d.
840 2545 931 2577 NTl.
957 2545 1049 2576 Kan.
1076 2545 1120 2582 ΙΙ,
1156 2545 1221 2585 968
1232 2546 1254 2576 f.
1372 2545 1390 2576 8
1416 2546 1557 2587 pseudo-

123 2589 309 2632 prophetae
339 2589 396 2622 hss
441 2589 446 2632 Ι
489 2590 607 2622 volunt
630 2590 687 2622 hss
785 2598 822 2631 13
859 2590 876 2621 I
911 2590 988 2622 Cor.
1025 2599 1073 2622 12.
1112 2599 1151 2631 14
1273 2599 1308 2632 15
1345 2591 1408 2622 Mt.
1439 2599 1489 2628 12,
1516 2599 1553 2631 31

127 2643 166 2675 17
192 2641 263 2668 text
285 2635 371 2668 nach
394 2635 460 2667 Ed.
485 2634 656 2668 Schwartz
