1795 2860
105 434 141 465 13

107 779 144 811 14

132 2511 148 2540 4

177 120 220 144 12
452 114 572 136 TEXTE
598 114 670 136 ZUR
696 114 934 136 GESCHICHTE
960 114 1027 136 DES
1053 114 1328 137 MONTANISMUS

170 219 455 266 Ἀπολλώνιος
486 221 591 259 κατὰ
621 221 664 259 τὸ
697 216 794 260 αὐτὸ
827 220 1072 274 συγγραμμα
1104 218 1251 274 ἱστορεῖ
1282 217 1336 266 ὡς
1363 218 1444 273 ἄρα
1465 235 1610 260 τεσσα-

172 290 370 342 ρακοστὸν
413 287 627 343 ἐτυγχανεν
668 288 757 334 ἔτος
799 286 864 329 ἐπὶ
914 290 984 343 την
1021 293 1090 328 τοῦ
1131 290 1446 343 συγγράμματος
1487 285 1608 328 αὐτοῦ

169 360 341 413 γραφήν,
377 355 416 402 ἐξ
448 354 494 397 οὗ
526 363 573 411 τῇ
607 360 868 412 προσποιήτῳ
913 354 1035 397 αὐτοῦ
1076 359 1304 412 προφητείᾳ
1345 355 1366 396 ὁ
1398 355 1609 402 Μοντανὸς

171 426 489 480 ἐπικεχείρηκεν.
522 450 576 453 --
608 428 678 467 καὶ
718 426 839 466 πάλιν
872 427 992 481 φησὶν
1024 423 1079 471 ὡς
1121 424 1203 479 ἄρα
1235 423 1423 479 Ζωτικός,
1465 422 1510 466 οἷ)
1541 426 1610 464 καὶ

172 492 192 533 ό
227 496 420 548 πρότερος
461 496 717 550 συγγραφεὺς
758 493 1065 549 ἐμνημόνευσεν,
1107 491 1148 534 ἐν
1180 492 1408 540 Πεπουζοις
1448 507 1609 548 προφη-

171 563 293 602 τεὺειν
325 562 373 617 δὴ
412 566 766 618 προσποιουμένης
798 569 869 619 τῆς
900 561 1162 618 Μαξιμίλλης
1204 561 1369 608 ἐπιστὰς
1415 561 1612 614 διελέγξαι

170 632 214 670 τὸ
256 629 439 685 ἐνεργοῦν
485 629 524 672 ἐν
567 629 668 686 αὐτῇ
709 637 867 686 πνεῦμα
908 633 1167 685 πεπείραται,
1215 629 1408 686 ἐκωλυθη
1449 645 1493 683 γε
1534 632 1611 685 μὴν

172 703 274 754 πρὸς
305 707 380 740 τῶν
411 702 460 740 τὰ
492 698 648 755 ἐκείνης
682 701 944 755 φρονουντων.
1006 701 1076 740 καὶ
1108 698 1275 753 Θρασέα
1316 698 1359 740 δέ
1402 713 1507 745 τινος
1537 705 1612 738 τῶν

171 771 257 808 τότε
299 767 510 823 μαρτυρων
553 769 803 824 μνημονευει.
873 767 930 809 ἐ’τι
973 769 1016 809 δέ
1058 767 1114 814 ὡς
1154 766 1201 809 ἐκ
1242 767 1611 822 παραδόσεωςτὸν

172 840 335 891 σωτῆρά
368 851 468 892 φησι
499 840 819 892 προστεταχέναι
848 844 931 884 τοῖς
964 834 1085 878 αὐτοῦ
1127 835 1385 890 ἀποστόλοις,
1429 834 1493 876 ἐπὶ
1533 835 1611 875 δώ-

172 906 272 947 δεκα
313 906 438 947 ἐ’τεσιν
483 909 537 962 μη
571 910 832 962 χωρισθῆναι
872 913 944 962 τῆς
985 905 1271 962 Ἰερουσαλήμ.
1330 909 1529 961 κέχρηται
1572 904 1614 944 δὲ

171 977 242 1015 καὶ
273 978 512 1030 μαρτυρίαις
544 974 625 1017 ἀπὸ
656 983 729 1032 της
761 974 948 1016 Ἰωάννου
981 974 1322 1029 Ἀποκαλυψεως,
1367 976 1437 1015 καὶ
1476 975 1615 1028 νεκρὸν

173 1043 215 1083 δε
248 1043 413 1098 δυνάμει
443 1046 539 1098 θεία
571 1046 672 1099 πρὸς
705 1042 827 1085 αυτοῦ
850 1043 1037 1085 Ἰωάννου
1069 1043 1109 1085 ἐν
1140 1051 1187 1099 τῇ
1211 1042 1373 1099 Ἐφέσῳ
1395 1041 1615 1098 ἐγηγέρθαι

173 1111 341 1168 ἱστορεῖ·
384 1128 455 1154 και
476 1112 587 1154 ἄλλα
617 1116 703 1154 τινα
734 1127 845 1169 φησι,
879 1111 930 1154 δι’
962 1111 1015 1154 ὧν
1047 1111 1196 1159 ἱκανως
1225 1119 1298 1168 της
1319 1113 1615 1167 προειρημένης

173 1180 367 1236 αἱρέσεως
413 1183 673 1237 πληρέστατα
720 1182 931 1237 διηυθυνεν
974 1197 1044 1237 την
1088 1183 1258 1236 πλάνη.ν
1319 1186 1443 1221 ταῦτα
1483 1193 1553 1220 και
1594 1193 1615 1219 ο

173 1250 470 1297 Απολλωνιος,

295 1334 352 1371 Ic).
386 1318 476 1360 Τῶν
518 1321 560 1360 δὲ
603 1319 897 1375 Απολιναρίου
938 1322 1045 1360 κατὰ
1091 1326 1163 1375 της
1204 1294 1465 1375 δηλωθείσης
1506 1316 1616 1372 αἱρέ-

174 1404 276 1435 σεως
319 1392 479 1445 μνήμην
521 1391 737 1444 πεποίηται
778 1387 1008 1443 Σαραπίων,
1052 1389 1094 1430 ὃν
1136 1387 1202 1429 ἐπὶ
1241 1395 1316 1429 τῶν
1360 1387 1616 1443 δηλουμένων

173 1460 330 1512 χρόνων
363 1460 463 1512 μετὰ
495 1457 721 1513 Μαξιμῐνον
754 1457 975 1498 ἐπίσκοπον
1005 1464 1078 1513 τῆς
1110 1456 1358 1513 Ἀντιοχέων
1390 1454 1615 1511 ἐκκλησίας

173 1528 366 1579 γενέσθαι
397 1530 563 1582 κατέχει
595 1528 731 1579 λόγος.
776 1530 975 1582 μέμνηται
1006 1526 1049 1567 δὲ
1081 1523 1203 1567 αὐτοῦ
1236 1525 1276 1567 ἐν
1306 1523 1389 1579 ’ἰδία
1420 1525 1612 1579 ἐπιστολῇ

173 1602 222 1649 τῇ
253 1597 356 1649 πρὸς
388 1594 572 1649 Καρικὸν
604 1597 674 1636 καὶ
707 1594 888 1649 Πόντιον,
922 1593 962 1635 ἐν
993 1593 1019 1649 ᾗ
1052 1594 1270 1635 διευθυνων
1301 1595 1372 1635 καὶ
1403 1588 1525 1639 αὐτὸς
1547 1595 1616 1648 τὴν

174 1662 296 1719 αὐτὴν
329 1662 480 1719 αἵρεσιν
511 1663 685 1716 ἐπιλέγει
708 1670 854 1705 ταῦτα·
889 1662 1028 1712 ,,ὅπως
1061 1664 1104 1704 δὲ
1135 1665 1206 1704 καὶ
1235 1668 1350 1703 τοῦτο
1382 1659 1526 1718 εἰδῆτε,
1559 1659 1618 1701 ὅτι

172 1740 244 1788 τῆς
296 1733 468 1788 ψευδοῦς
518 1734 667 1788 ταυτης
707 1733 857 1780 τάξεως
898 1739 970 1788 τῆς
1014 1732 1341 1788 ἐπικαλουμένης
1381 1735 1475 1777 νέας
1516 1745 1617 1785 προ-

175 1804 343 1857 φητείας
395 1800 635 1855 ἐβδέλυκται
679 1800 704 1857 ἡ
758 1801 936 1857 ἐνέργεια
981 1804 1094 1856 παρὰ
1140 1805 1252 1856 πάσῃ
1299 1808 1347 1856 τῇ
1394 1799 1433 1842 ἐν
1474 1803 1617 1854 κόσμῳ

176 1869 432 1926 ἀδελφότητι,
475 1873 673 1927 πέπομφα
715 1868 805 1926 ὑμῖν
847 1873 917 1911 καὶ
957 1869 1171 1912 Κλαυδίου
1213 1869 1506 1924 Ἀπολιναρίου
1546 1874 1615 1909 τοῦ

176 1942 487 1994 μακαριωτάτου
519 1943 736 1994 γενομένου
769 1938 808 1980 ἐν
842 1938 1069 1994 Ἱεραπόλει
1108 1945 1180 1995 τῆς
1212 1937 1361 1984 Ἀσίας
1393 1936 1617 1978 ἐπισκόπου

174 2011 436 2063 γράμματα.“
470 2034 525 2037 —
556 2008 597 2048 ἐν
627 2010 751 2063 ταυτῃ
785 2008 828 2048 δὲ
859 2015 906 2063 τῇ
938 2014 1006 2049 τοῦ
1028 2007 1294 2063 Σαραπίωνος
1325 2006 1518 2061 ἐπιστολῇ
1547 2008 1618 2047 καὶ

175 2074 502 2132 ὑποσημειώσεις
545 2081 734 2134 φέρονται
775 2078 981 2134 διαφόρων
1022 2077 1266 2131 ἐπισκόπων,
1309 2074 1363 2117 ὧν
1405 2074 1425 2116 ὁ
1459 2079 1529 2130 μέν
1559 2090 1618 2122 τις

175 2145 254 2187 ὧδέ
286 2161 372 2192 πως
404 2143 756 2202 υποσεσημείωται
788 2144 1027 2202 ,,Αἰ)ρηλιος
1059 2145 1265 2202 Κυρηνιος
1306 2148 1458 2201 μάρτυς
1490 2143 1617 2199 ἐρρῶ-

177 2219 280 2256 σθαι
311 2212 417 2270 ὑμᾶς
449 2213 667 2271 εὔχομαιίί,
712 2215 732 2256 ὁ
776 2216 818 2256 δέ
860 2230 918 2261 τις
964 2221 1102 2256 τοῦτον
1146 2217 1212 2256 τὸν
1252 2217 1399 2269 τρόπον
1441 2211 1617 2262 ,,Αἰ’λιος

180 2283 388 2330 [Ιουπλιος
421 2283 592 2330 Ἰουλιος
624 2284 705 2326 ἀπὸ
739 2284 940 2338 Δεβελτοῦ
980 2285 1184 2331 κολωνίας
1226 2290 1299 2339 της
1331 2281 1499 2338 Θρᾴκης
1532 2281 1618 2323 ἐπί-

176 2368 353 2400 σκοπος·
388 2356 435 2408 ζῇ
469 2352 489 2394 ὁ
522 2356 621 2401 θεὸς
654 2352 674 2395 ὁ
707 2353 746 2395 ἐν
778 2360 862 2400 τοῖς
894 2352 1093 2408 οὐρανοῖς,
1127 2351 1185 2394 ὅτι
1207 2352 1346 2399 Σωτᾱς
1367 2350 1388 2392 ὁ
1417 2355 1619 2407 μακάριος

178 2420 198 2462 ό
242 2421 280 2463 ἐν
323 2421 539 2478 Ἀγχιάλῳ
583 2422 771 2479 ἠθέλησε
816 2425 882 2464 τὸν
925 2422 1100 2478 δαίμονα
1139 2425 1205 2464 τὸν
1248 2420 1504 2476 Πρισκίλλης
1550 2419 1618 2460 ἐκ-

179 2492 327 2545 βαλεῖν,
380 2494 450 2532 καὶ
503 2490 539 2533 οἱ
596 2489 809 2548 ὑποκριταὶ
860 2489 935 2533 οὐκ
987 2490 1193 2547 ἀφηκαν.“
1269 2492 1339 2531 καὶ
1389 2489 1525 2531 ἄλλων
1576 2488 1619 2528 δὲ

295 2604 331 2625 21
361 2595 496 2629 πόντιον
516 2606 522 2627 :
542 2597 698 2629 ποντικὸν
795 2605 837 2637 24
863 2595 897 2629 ἐν
921 2600 968 2641 τῷ
993 2595 1113 2641 κόσμῳ
1209 2603 1252 2635 30
1277 2591 1403 2633 Αἴλιος
1422 2606 1427 2625 ;
1448 2591 1620 2639 αόρὴλιος

177 2641 371 2678 &rx-:aelius
397 2642 548 2673 aemilius
573 2643 716 2674 aurelius
744 2642 884 2673 valerius
910 2643 985 2673 Lat.

1635 853 1666 870 10

1638 1195 1668 1220 15

1634 1539 1669 1556 20

1637 1893 1669 1919 ²5

1638 2235 1671 2262 30
