1811 2876
607 60 788 93 DL‘DYMFS.
829 59 1078 87 fflERONYMUS
1505 54 1524 80 2
1534 54 1554 91 3

117 201 190 243 καὶ
229 199 300 252 τὴν
337 195 533 236 θεοτόκον
574 187 749 241 Μαριάμ
782 216 789 223 .
824 215 832 223 .
867 214 875 221 .
909 180 1077 234 βίβλους
1122 175 1166 216 δὲ
1213 171 1474 222 συνταγείσας
1519 165 1560 212 ἐξ

121 267 322 322 ὀνόματος
364 260 492 303 αὒτῶν
535 255 609 299 οὐκ
641 253 757 306 οἶδεν,
802 250 912 292 ἀλλὰ
943 248 1013 289 καὶ
1043 244 1245 287 ἐκώλυσεν
1277 238 1297 280 ὁ
1330 235 1561 281 ἀπόστολος

210 367 218 375 .
252 332 352 374 ὣστε
396 330 508 383 παρὰ
550 328 702 370 πάντας
734 319 945 364 Μοντανὸς
983 312 1078 356 οὐδὲ
1109 312 1209 365 ἔγνω
1241 306 1336 350 ουδὲ
1366 306 1486 361 ἔσχεν
1518 305 1562 344 τὸ

124 403 237 457 ἅγιον
278 405 447 454 πνεῦμα,
489 401 603 437 τοῦτο
646 390 816 446 οἰηθείς.
877 387 952 427 καὶ
986 388 1100 424 τοῦτο
1135 380 1234 436 μετὰ
1264 379 1334 432 τὴν
1365 373 1564 428 ἀνάληψιν

1021 450 1029 459 r

92 480 106 506 5
125 477 194 514 τοῦ
226 475 409 524 σωτῆρος
440 466 510 506 καὶ
540 465 610 518 τὴν
642 459 891 516 ἐπιφοίτησιν
917 458 986 494 τοῦ
1010 452 1127 503 αγίου
1149 448 1375 500 πνευματος
1397 443 1519 483 πλέον
1540 438 1565 493 ἢ

127 541 229 596 μετὰ
261 537 406 578 ἕκατον
437 534 519 588 ἔτη,
551 532 765 585 γενόμενος
797 523 925 578 ἱερεὺς
956 526 1112 574 πρῶτον
1144 514 1327 556 εἰδώλου.

657 729 1043 775 HIERONYMUS

247 827 366 878 Epist.
398 835 463 871 41.
509 817 770 860 Testimonia,
803 824 908 864 quae
938 812 990 848 de
1012 805 1205 846 Iohannis
1237 800 1445 850 evangelio
1477 809 1573 835 con-

135 892 296 939 gregata
326 883 398 921 tibi
429 880 596 930 quidam
629 873 817 913 Montani
849 874 1020 908 sectator
1050 862 1223 914 ingessit,
1254 861 1294 897 in
1327 857 1471 908 quibus
1497 853 1574 892 sal-

88 958 120 976 10
137 952 252 984 vator
291 947 428 979 noster
465 949 509 974 se
549 936 602 972 ad
643 941 799 982 patrem
839 929 985 964 iturum
1021 923 1315 967 missurumque
1345 913 1575 964 paraclitum

138 1002 358 1054 pollicetur,
390 997 431 1033 in
462 993 574 1044 quod
605 989 803 1041 promissa
836 986 914 1022 sint
944 989 1103 1029 tempus
1130 984 1170 1015 et
1191 987 1272 1025 quo
1294 972 1482 1020 conpleta
1502 969 1579 1006 sint

140 1068 333 1108 tempore,
375 1051 651 1103 apostolorum
693 1046 795 1083 Acta
837 1045 1031 1079 testantur
1063 1067 1069 1073 .
1103 1064 1111 1073 .
1145 1065 1152 1071 .
1184 1063 1191 1070 .
1243 1032 1282 1069 Si
1325 1030 1439 1079 igitur
1479 1037 1578 1075 apo·
1607 1037 1623 1058 2

139 1117 263 1156 stolus
283 1113 424 1151 Petrus
455 1108 560 1159 (Act.
595 1116 629 1151 2,
666 1098 846 1150 14—18)
870 1103 965 1135 ..et
995 1091 1249 1144 prophetiam
1281 1094 1319 1125 et
1349 1083 1579 1135 promissio-

141 1186 236 1212 nem
276 1168 431 1208 domini
469 1166 536 1203 illo
580 1170 763 1210 tempore
808 1155 1034 1204 conpletam
1080 1145 1327 1189 memoratu,
1373 1140 1582 1191 quomodo

93 1243 126 1268 ι5
143 1239 356 1282 possumus
399 1223 516 1262 nobis
555 1220 714 1268 tempus
753 1214 860 1253 aliud
901 1207 1132 1248 vindicare?
1202 1201 1348 1253 quodsi
1389 1197 1584 1236 voluerint

143 1285 390 1337 respondere
421 1288 461 1319 et
491 1276 660 1327 Philippi
692 1274 884 1320 deinceps
916 1272 1104 1318 quattuor
1133 1262 1232 1299 filias
1262 1257 1525 1309 prophetasse
1547 1259 1586 1290 et

146 1344 372 1396 propheten
404 1338 590 1388 Agabum
629 1330 821 1382 repperiri
862 1333 901 1365 et
935 1326 976 1362 in
1008 1319 1267 1360 dixdsionibus
1299 1315 1454 1364 spiritus
1485 1312 1587 1348 inter

147 1400 354 1453 apostolos
394 1403 433 1434 et
476 1395 664 1431 doctores
706 1386 925 1438 prophetas
967 1390 1131 1430 quoque
1171 1373 1357 1425 apostolo
1388 1370 1587 1408 scribente

148 1462 341 1498 formatos
369 1455 584 1503 ipsumque
605 1447 774 1485 Paulum
805 1442 931 1480 multa
961 1440 1013 1475 de
1043 1434 1182 1473 futuris
1213 1429 1445 1469 haeresibus
1477 1432 1516 1463 et
1537 1426 1589 1461 de

99 1529 132 1547 ²0
152 1518 232 1554 fine
261 1512 408 1552 saeculi
437 1507 712 1559 prophetasse,
749 1502 876 1539 sciant
906 1510 930 1534 a
959 1494 1077 1532 nobis
1106 1503 1190 1528 non
1221 1496 1304 1525 tam
1336 1483 1589 1535 prophetiam

151 1572 298 1624 repelli,
329 1580 435 1619 quae
466 1563 621 1603 domini
649 1562 803 1610 signata
835 1562 893 1594 est
923 1553 1121 1603 passione,
1162 1558 1284 1597 quam
1315 1555 1385 1581 eos
1415 1553 1499 1578 non
1530 1551 1591 1575 re-

153 1631 241 1681 cipi,
271 1628 341 1679 qui
371 1637 463 1663 cum
493 1622 711 1670 scripturae
742 1614 885 1653 veteris
916 1618 955 1648 et
984 1619 1116 1646 novae
1147 1603 1356 1642 autoritate
1387 1610 1471 1636 non
1493 1608 1591 1634 con-

153 1692 306 1739 gruant.
338 1705 394 1711 -
426 1681 600 1718 Primum
640 1677 681 1713 in
722 1673 817 1710 fidei
858 1668 992 1718 regula
1023 1665 1296 1712 discrepamus
1326 1669 1401 1694 nos
1437 1660 1592 1704 patrem
1621 1663 1634 1673 ⁸

156 1754 194 1783 et
235 1743 360 1781 filium
391 1746 430 1777 et
460 1736 641 1787 spiritum
671 1738 854 1770 sanctum
885 1728 926 1763 in
956 1736 1030 1762 sua
1058 1726 1391 1767 unumquemque
1422 1721 1595 1762 persona

106 1816 138 1841 ²5
157 1802 356 1853 ponimus,
392 1797 483 1834 licet
512 1790 734 1831 substantia
764 1784 1016 1835 copulemus;
1057 1778 1111 1816 illi
1141 1774 1300 1814 Sabellii
1331 1772 1479 1820 dogma
1509 1779 1595 1805 sec-

157 1866 289 1898 tantes
333 1854 550 1892 trinitatem
589 1850 630 1886 in
669 1846 786 1883 unius
826 1850 1024 1892 personae
1064 1833 1264 1884 angustias
1305 1834 1460 1878 cogunt.
1521 1835 1596 1861 nos

159 1915 359 1954 secundas
408 1909 568 1959 nuptias
618 1916 702 1942 non
752 1909 835 1938 tam
885 1895 1123 1945 adpetimus,
1169 1901 1291 1939 quam
1337 1883 1597 1923 concedimus

161 1973 287 2012 Paulo
317 1970 493 2011 iubente,
523 1971 566 2002 ut
586 1962 732 1999 viduae
753 1952 1078 1996 adolescentulae
1098 1948 1272 1992 nubant3
1306 1943 1359 1980 illi
1380 1943 1419 1978 in
1441 1946 1599 1977 tantum

162 2031 356 2069 scelerata
394 2028 536 2075 putant
574 2021 715 2057 iterata
746 2013 940 2062 coniugia,
980 2015 1034 2054 ut,
1071 2006 1314 2056 quicumque
1344 2001 1423 2036 hoc
1454 1996 1601 2038 fecerit,

112 2102 146 2128 30
163 2087 319 2128 adulter
356 2083 562 2120 habeatur.
622 2087 696 2113 nos
738 2083 860 2110 unam
901 2063 1249 2118 quadragesimam
1277 2089 1283 2095 .
1317 2088 1323 2094 .
1356 2062 1441 2094 toto
1485 2051 1602 2090 nobis

165 2145 263 2184 orbe
301 2151 479 2190 congruo
519 2136 764 2178 ieiunamus;
805 2128 858 2165 illi
898 2133 976 2163 tres
1006 2124 1047 2160 in
1078 2131 1186 2158 anno
1217 2116 1397 2154 faciunnt
1428 2110 1602 2161 quadra-

165 2201 336 2253 gesimas
368 2227 377 2236 .
411 2227 418 2234 .
452 2226 459 2233 .
491 2225 498 2232 .
529 2192 638 2242 apud
669 2200 744 2226 nos
774 2184 1049 2236 apostolorum
1079 2179 1212 2215 locum
1243 2170 1422 2222 episcopi
1443 2172 1603 2212 tenent;

167 2259 278 2308 apud
307 2267 378 2294 eos
409 2253 620 2303 episcopus
651 2245 788 2284 tertius
820 2248 889 2280 est.
944 2238 1097 2275 habent
1128 2233 1234 2271 enim
1266 2230 1416 2279 primos
1447 2226 1499 2262 de
1531 2224 1605 2260 Pe-

288 2467 306 2490 2
337 2467 350 2489 1
377 2458 466 2488 Tim.
495 2463 525 2493 2,
555 2461 592 2484 12
658 2450 676 2482 8
703 2449 754 2480 ed.
781 2445 926 2485 Hilberg
950 2452 975 2473 s.
1004 2448 1064 2481 311
1143 2435 1182 2468 16
1207 2436 1285 2465 Act.
1313 2440 1366 2469 21,
1391 2438 1411 2469 9
1476 2435 1512 2466 17
1531 2428 1609 2457 Act.

179 2516 229 2544 11,
255 2504 308 2536 28.
336 2512 389 2540 21,
417 2510 468 2533 10.
511 2509 523 2531 1
551 2498 628 2530 Cor.
658 2504 708 2532 12,
729 2500 837 2535 4—11
950 2495 989 2527 19
1014 2487 1092 2516 Act.
1121 2491 1173 2519 20,
1199 2480 1274 2520 29f.
1316 2486 1343 2508 1.
1368 2476 1458 2507 Tim.
1484 2483 1515 2514 4.
1546 2471 1611 2502 1ff.

178 2562 191 2584 1
218 2550 284 2583 Th.
302 2560 334 2591 4,
363 2548 451 2590 15ff.
490 2554 507 2577 2
527 2544 592 2577 Th.
609 2551 638 2580 2,
660 2541 726 2579 3ff.
799 2536 838 2568 28
864 2544 875 2566 1
893 2535 982 2565 Tim.
997 2540 1029 2574 5,
1046 2539 1086 2571 14
1157 2536 1200 2568 34
1215 2520 1400 2560 κοινωνούς
1419 2532 1425 2551 z
1445 2526 1612 2551 caenonus

174 2597 246 2630 und
269 2604 415 2628 eenonos
438 2592 513 2626 hss:
539 2589 604 2631 vgl.
629 2587 703 2619 cod.
729 2583 905 2616 Iustinian.
930 2579 958 2617 Ι,
985 2586 1015 2619 5,
1043 2584 1085 2608 20
