1811 2876
631 65 826 89 omenes.
864 65 1103 89 rant-ruffi«
1536 71 1585 108 25

147 173 344 223 sphemat,
376 173 451 210 ista
473 173 660 219 luxuriat:
692 173 757 210 illa
778 173 945 210 destruit
966 173 1194 222 nuptiarum
1218 173 1363 218 Deum,
1396 174 1470 211 ista
1491 186 1587 211 con-

148 230 290 267 fundit.
350 242 476 279 penes
521 242 595 267 nos
636 236 783 275 autem,
822 242 924 279 quos
963 231 1158 279 spiritales
1199 230 1340 268 merito
1382 231 1458 268 dici
1501 231 1590 268 facit

149 284 327 338 (agnitio)
359 287 590 336 spiritalium
621 287 916 331 charismatum,
947 287 1192 325 continentia
1223 294 1305 325 tam
1331 288 1512 337 religiosa
1534 296 1589 325 est

148 355 271 393 quam
302 344 461 381 licentia
491 345 728 389 verecunda,
761 344 1093 393 quandoquidem
1124 345 1270 383 ambae
1301 357 1392 382 cum
1413 352 1592 382 creatore

113 417 128 442 5
149 407 252 438 sunt.
296 401 542 439 continentia
573 402 700 451 legem
727 402 955 450 nuptiarum
978 401 1161 446 honorat,
1194 402 1352 439 licentia
1373 409 1591 451 temperat:

150 457 216 495 illa
237 469 320 495 non
342 458 504 507 cogitur,
535 458 609 495 ista
630 458 796 508 regitur;
823 459 885 496 illa
907 459 1110 496 arbitrium
1132 459 1266 503 habet,
1289 459 1390 496 haec
1412 460 1590 496 modum.

148 527 275 551 unum
305 515 602 552 matrimonium
638 515 833 560 novimus,
874 516 972 553 sicut
1002 528 1125 552 unum
1159 515 1304 556 Deum.
1364 516 1487 565 magis
1518 517 1591 553 ho-

148 583 291 609 norem
335 573 453 609 refert
499 572 562 609 lex
607 572 847 621 nuptiarum,
893 573 959 609 ubi
1001 573 1123 609 habet
1166 579 1204 610 et
1245 574 1455 622 pudorem.
1521 574 1591 610 sed

150 629 350 678 psychicis
381 641 464 666 non
495 629 778 678 recipientibus
808 630 989 678 spiritum
1021 642 1067 667 ea
1092 641 1196 679 quae
1217 636 1310 667 sunt
1331 630 1488 679 spiritus
1511 641 1590 667 non

101 701 134 720 ιο
151 685 322 735 placent.
383 687 446 731 ita,
488 687 584 723 dum
625 698 730 736 quae
769 693 859 723 sunt
899 687 1055 736 spiritus
1085 698 1168 723 non
1199 688 1370 736 placent,
1412 699 1459 725 ea
1490 699 1594 735 quae

150 749 242 780 sunt
286 744 414 781 carnis
459 743 684 792 placebunt,
729 749 773 780 ut
817 744 1013 781 contraria
1052 744 1220 793 spiritus.
1281 756 1407 789 ‚‚caro,
1454 744 1591 793 inquit,

151 800 343 837 adversus
382 801 563 849 spiritum
604 801 869 850 concupiscit,
914 807 952 838 et
989 801 1148 850 spiritus
1178 801 1367 838 adversus
1399 806 1595 838 carnem.‘·

151 857 249 906 quid
288 864 423 894 autem
455 858 711 906 concupiscet
742 869 835 894 caro
867 870 988 906 quam
1020 869 1124 907 quae
1155 858 1279 907 magis
1312 859 1440 896 carnis
1471 859 1592 896 sunt?

152 920 319 963 propter
338 915 447 963 quod
470 920 509 951 et
529 915 568 951 in
591 914 810 963 primordio
832 921 1021 952 extranea
1042 915 1200 963 spiritus
1223 916 1326 952 facta
1349 922 1416 952 est.
1462 915 1593 960 „Non

102 987 133 1012 ις
151 971 291 1020 inquit,
321 972 573 1020 permanebit
602 972 758 1020 spiritus
789 983 902 1009 meus
932 973 971 1008 in
1003 972 1085 1009 istis
1116 972 1346 1009 hominibus
1376 972 1416 1008 in
1438 984 1595 1010 aevum.

153 1039 203 1065 eo
235 1029 347 1077 quod
378 1039 472 1065 caro
503 1029 616 1065 sint.“

269 1095 290 1121 2
324 1085 468 1134 Itaque
489 1085 771 1134 monogamiae
793 1085 1043 1133 disciplinam
1065 1086 1105 1121 in
1127 1085 1322 1123 haeresim
1341 1086 1595 1134 exprobrant,

152 1153 230 1179 nec
269 1142 349 1179 ulla
384 1143 509 1192 magis
541 1154 590 1179 ex
621 1154 742 1180 causa
771 1143 1017 1191 paracletum
1048 1154 1194 1191 negare
1226 1150 1430 1192 coguntur,
1473 1154 1593 1191 quam

153 1199 252 1236 dum
298 1199 528 1236 existimant
572 1210 704 1237 novae
749 1199 982 1248 disciplinae
1026 1199 1304 1244 institutorem,
1352 1206 1389 1236 et
1431 1200 1593 1248 quidem

103 1272 136 1290 20
155 1255 390 1294 durissimae
429 1256 513 1301 illis,
555 1263 598 1293 ut
638 1256 718 1293 iam
749 1257 801 1293 de
831 1256 910 1294 hoc
940 1257 1113 1305 primum
1145 1257 1446 1293 consistendum
1478 1257 1525 1293 sit
1556 1257 1592 1292 in

159 1313 334 1363 generali
364 1319 587 1358 retractatu,
618 1324 671 1350 an
701 1314 835 1362 capiat
864 1313 1108 1363 paracletum
1138 1313 1287 1362 aliquid
1313 1313 1598 1350 tale.docuissc

156 1370 269 1419 quod
309 1377 380 1407 aut
420 1383 572 1408 novum
613 1371 797 1419 deputari
827 1371 953 1419 possit
983 1371 1174 1408 adversus
1205 1371 1443 1407 catholicam
1474 1371 1596 1407 tradi-

155 1427 308 1464 tionem
349 1433 420 1464 aut
462 1439 679 1465 onerosum
709 1428 902 1465 adversus
933 1427 1063 1464 levem
1093 1428 1288 1464 sarcinam
1320 1427 1485 1464 domini.
1546 1427 1598 1463 de

155 1490 329 1533 utroque
349 1490 484 1522 autern
506 1485 591 1534 ipse
613 1485 802 1522 dominus
822 1484 1101 1534 pronuntiavit.
1133 1485 1270 1522 dicens
1292 1485 1409 1529 enim,
1442 1484 1584 1529 „adhw

104 1556 136 1580 25
155 1541 282 1578 multa
331 1541 465 1579 habeo
514 1554 619 1591 quae
664 1542 805 1591 loquar
849 1542 902 1579 ad
948 1554 1040 1587 vos,
1090 1542 1162 1579 sed
1205 1542 1387 1579 nondum
1433 1542 1598 1590 potestis

153 1604 313 1648 portare
353 1610 411 1643 ea,
454 1611 545 1636 cum
586 1599 739 1637 venerit
780 1599 936 1648 spiritus
976 1605 1148 1643 sanctus,
1190 1599 1252 1636 ille
1293 1611 1362 1636 vos
1403 1599 1522 1636 ducet
1558 1599 1596 1634 in

153 1666 318 1693 omnem
349 1656 590 1700 veritatem“‚
621 1656 716 1694 satis
746 1656 885 1705 utique
913 1656 1141 1705 praetendit
1172 1668 1219 1693 ea
1249 1656 1460 1693 docturum
1491 1655 1597 1691 illum

154 1724 260 1762 quae
302 1718 342 1749 et
371 1725 479 1750 nova
507 1707 724 1750 existimari
753 1713 918 1762 possint,
950 1719 993 1750 ut
1023 1725 1232 1762 nunquam
1264 1719 1370 1750 retro
1401 1713 1518 1756 edita,
1561 1721 1598 1748 et

155 1769 376 1818 aliquando
417 1781 599 1814 onerosa,
640 1776 683 1806 ut
722 1770 869 1807 idcirco
908 1782 992 1807 non
1028 1770 1144 1807 edita.
1206 1782 1310 1819 ergo,
1341 1769 1482 1818 inquis,
1524 1769 1600 1805 hac

105 1841 140 1868 30
157 1827 505 1876 argumentatione
537 1826 694 1876 quidvis
724 1839 875 1864 novum
907 1833 947 1864 et
968 1838 1185 1864 onerosum
1206 1827 1406 1876 paracleto
1429 1826 1597 1863 adscribi

155 1884 314 1933 poterit,
347 1884 420 1921 etsi
449 1884 502 1921 ab
533 1884 762 1921 adversario
793 1884 933 1932 spiritu
963 1885 1088 1921 fuerit.
1148 1895 1231 1920 non
1262 1875 1410 1932 utique.
1457 1883 1599 1920 adver-

155 1940 281 1978 sarius
321 1941 429 1979 enim
469 1941 626 1990 spiritus
667 1952 716 1977 ex
757 1941 987 1978 diversitate
1027 1941 1336 1990 praedicationis
1377 1949 1598 1989 appareret,

156 1997 286 2047 primo
331 1998 507 2047 regulam
553 1997 783 2035 adulterans
822 1998 926 2042 fidei,
974 2004 1013 2035 et
1052 1998 1106 2034 ita
1147 1998 1329 2035 ordinem
1371 1997 1598 2035 adulaerans

157 2054 403 2104 disciplinae,
435 2055 529 2104 quia
559 2055 670 2092 cuius
700 2055 846 2104 gradus
877 2055 985 2103 prior
1016 2060 1086 2099 est,
1118 2055 1200 2092 eius
1232 2054 1455 2103 corruptela
1485 2060 1597 2090 ante-

106 2126 139 2153 35
157 2112 275 2157 cedit,
314 2113 356 2149 id
397 2119 458 2149 est
497 2112 603 2156 fidei,
645 2123 750 2160 quae
790 2112 897 2160 prior
931 2118 990 2149 est
1020 2112 1242 2160 disciplina.
1302 2117 1397 2148 ante
1429 2111 1516 2159 quis
1548 2111 1600 2146 de

158 2167 252 2206 Deo
280 2168 503 2206 haereticus
525 2169 574 2206 sit
600 2180 764 2206 necesse
791 2175 860 2213 est,
893 2176 932 2205 et
952 2175 1047 2205 tunc
1069 2169 1120 2205 de
1142 2169 1332 2205 instituto.
1378 2166 1600 2216 paracletus

158 2231 294 2262 autem
316 2226 458 2262 *multa
498 2226 654 2263 habens
685 2225 857 2262 edocere
888 2237 993 2274 quae
1023 2225 1061 2261 in
1094 2225 1202 2261 illum
1234 2225 1383 2261 distulit
1414 2224 1599 2261 dominus

157 2283 381 2320 secundum
412 2283 745 2332 praefinitionem,
776 2282 906 2331 ipsum
937 2282 1067 2330 primo
1090 2281 1290 2319 Christum
1316 2281 1601 2318 contestabitur

160 2340 320 2388 qualem
359 2340 569 2384 credimus,
610 2352 700 2377 cum
741 2345 827 2376 toto
867 2338 1008 2375 ordine
1040 2338 1117 2375 Dei
1157 2339 1355 2382 creatoris,
1397 2345 1436 2375 et
1471 2338 1599 2386 ipsum

109 2410 143 2436 ⁴0
159 2396 405 2445 glorificabit,
447 2402 487 2434 et
527 2397 579 2433 de
619 2397 707 2446 ipso
748 2396 1090 2439 commemorabit,
1134 2402 1172 2432 et
1211 2396 1265 2432 sic
1306 2396 1358 2432 de
1393 2394 1600 2443 principali

281 2539 317 2562 11
345 2531 419 2563 Gal.
446 2538 478 2572 5,
507 2538 544 2570 17
622 2540 661 2571 14
687 2530 772 2562 Gen.
787 2529 818 2567 6,
844 2537 863 2570 3
935 2536 973 2569 23
1001 2529 1064 2560 Mt.
1085 2538 1135 2567 11,
1161 2538 1204 2570 30
1277 2538 1318 2570 24
1339 2530 1417 2570 Joh.
1452 2529 1499 2568 ιθ,
1530 2531 1602 2560 125.

164 2584 204 2616 27
230 2586 270 2608 ea
293 2582 443 2608 acturum
468 2587 581 2618 ausgg.
646 2575 687 2617 38
699 2576 737 2606 ff.
758 2574 838 2616 Joh.
864 2583 915 2617 15,
942 2574 994 2605 26.
1026 2575 1077 2615 16,
1108 2584 1156 2616 14.
1184 2584 1232 2616 14,
1256 2575 1296 2606 26
