1811 2876
806 70 984 94 EUSEBIUS
1590 77 1610 114 7

171 179 241 232 τὴν
270 174 435 231 αἵρεσιν,
468 174 569 217 οὔτω
601 177 650 232 δὴ
683 183 754 232 τῆς
785 192 825 218 τε
868 175 1095 233 ἐκκλησίας
1137 176 1398 234 ἐξεώσθησαν
1439 180 1509 219 καὶ
1539 185 1611 233 τῆς

171 247 382 292 κοινωνίας
414 245 684 301 εἴρχθησαν.“
720 270 768 274 -
803 250 929 286 ταῦτα
969 244 1009 286 ἐν
1050 248 1223 299 πρώτοις
1266 243 1499 302 ἱστορήσας,
1540 249 1611 287 καὶ
1642 255 1674 277 ¹1

171 312 223 354 δι’
269 310 368 354 ὅλου
409 319 477 354 τοῦ
520 316 836 369 συγγράμματος
880 315 945 354 τὸν
996 314 1166 370 ἔλεγχον
1211 320 1283 369 τῆς
1329 313 1420 355 κατ’
1466 312 1611 362 αὐτοὺς

172 383 330 437 πλάνης
375 380 602 434 ἐπαγαγών,
648 380 688 423 ἐν
732 389 786 436 τῷ
833 382 1004 437 δευτέρῳ
1051 384 1141 437 περὶ
1185 388 1257 438 τῆς
1303 384 1491 439 τελευτῆς
1535 390 1610 424 τών

137 467 151 491 s
173 450 542 507 προδεδηλωμένων
582 453 706 491 ταῦτά
737 465 880 507 φησιν·
925 449 1089 506 ,,ὲπειδὴ
1132 454 1261 492 τοίνυν
1291 453 1362 492 καὶ
1400 466 1610 508 προφητο-
1641 460 1678 482 12

172 522 321 576 φύντας
354 517 467 574 ἡμᾶς
509 517 756 567 ἀπεκάλουν,
798 517 858 560 ὅτι
897 522 951 575 μὴ
995 520 1089 567 τοὺς
1128 518 1441 575 ἀμετροφώνους
1482 518 1610 561 αὐτῶν

171 590 384 643 προφήτας
416 587 657 643 ἐδεξάμεθα,
691 588 873 642 (τουτους
894 590 971 643 γάρ
1004 586 1103 629 εἶναί
1135 602 1268 644 φασιν,
1302 584 1451 643 οῧσπερ
1484 587 1610 644 ἐπηγ-

168 657 331 709 γείλατο
372 663 426 710 τῷ
468 657 556 710 λαῷ
598 659 765 711 πέμψειν
807 654 828 697 ὁ
868 656 1049 711 κυριος),
1102 655 1474 710 ἀποκρινάσθωσαν
1515 656 1609 713 ἡμῖν

169 727 272 780 πρὸς
301 726 424 766 θεοῦ·
458 724 562 766 ἔστιν
593 739 664 772 τις,
696 723 728 765 ὦ
760 725 969 778 βέλτιστοι,
1002 726 1148 766 τουτων
1179 731 1253 766 τῶν
1286 723 1366 766 ἀπὸ
1398 723 1609 766 Μοντανοῦ

117 809 149 826 ¹0
169 795 241 835 καὶ
284 800 358 834 τῶν
403 800 599 846 γυναικῶν
646 794 784 834 λαλεῖν
832 792 1077 848 ἀρξαμένων,
1124 792 1233 840 ὅστις
1280 790 1355 834 ὑπὸ
1402 792 1609 834 Ἰουδαίων

170 861 354 918 ἐδιώχθη
387 861 412 916 ἢ
445 860 521 903 υπὸ
559 864 804 917 παρανόμων
839 861 1101 918 ἀπεκτάνθη;
1145 859 1290 908 οὐδείς.
1353 859 1445 903 οὐδέ
1476 866 1521 914 γέ
1552 877 1609 909 τις

170 928 298 973 αὐτῶν
336 931 560 986 κρατηθεὶς
601 928 699 984 ὑπὲρ
741 936 809 971 τοῦ
854 929 1054 985 ὀνόματος
1096 929 1411 985 ἀνεσταυρώθη;
1455 927 1501 971 οἱ)
1531 932 1608 985 γὰρ

168 997 250 1041 οὖν.
312 996 406 1040 οὐδὲ
437 1000 515 1054 μὴν
547 996 641 1040 ουδὲ
681 997 721 1040 ἐν
762 1005 1015 1051 συναγωγαῖς
1048 998 1255 1040 Ἰουδαίων
1295 1005 1370 1039 τῶν
1411 1006 1608 1050 γυναικῶν

168 1083 227 1115 τις
265 1066 529 1123 ὲμαστιγώθη
578 1070 672 1108 ποτε
714 1065 738 1121 ἢ
787 1065 1096 1123 ἐλιθοβολήθης
1150 1064 1355 1122 οὐδαμόσε
1402 1064 1606 1123 οὐδαμῶς.

120 1150 150 1175 ¹5
171 1135 285 1191 ἄλλῳ
317 1135 361 1176 δὲ
392 1137 557 1190 θανάτῳ
588 1136 826 1191 τελευτῆσαι
856 1137 1041 1187 λέγονται
1071 1134 1283 1182 Μοντανός
1314 1150 1353 1175 τε
1384 1137 1455 1176 καὶ
1475 1134 1607 1183 Μαξί-
1639 1141 1674 1172 13

169 1206 308 1261 μιλλα.
369 1205 534 1251 τουτους
568 1206 646 1258 γὰρ
684 1201 761 1246 ὑπὸ
802 1205 1028 1259 πνευματος
1065 1205 1341 1261 βλαψίφρονος
1390 1203 1608 1258 ἑκατέρους

171 1271 490 1329 ὅποκινήσαντος
517 1274 644 1325 λόγος
677 1271 902 1327 ἀναρτῆσαι
934 1271 1115 1321 ἑαυτοὺς,
1148 1271 1227 1328 οὐχ
1260 1271 1376 1327 ὁμοῦ,
1417 1275 1523 1314 κατὰ
1564 1273 1607 1312 δέ

166 1344 233 1384 τὸν
263 1348 335 1397 τῆς
367 1340 540 1383 ἑκάστου
572 1342 760 1396 τελευτῆς
790 1344 946 1395 καιρόν,
981 1345 1095 1396 φημη
1129 1342 1278 1396 πολλή,
1320 1343 1411 1382 καὶ·
1431 1339 1532 1382 οὕτω
1564 1341 1608 1382 δὲ

167 1412 405 1465 τελευτῆσαι
435 1411 506 1450 καὶ
535 1411 600 1450 τὸν
634 1410 718 1462 βίον
749 1413 1026 1465 καταστρέψαι
1058 1408 1194 1450 Ἰουδα
1235 1409 1435 1465 προδότου
1478 1410 1605 1464 δίκην.

115 1480 360 1534 εοκαθάπερ
403 1480 472 1518 καὶ
512 1480 578 1518 τὸν
617 1479 858 1532 θαυμαστὸν
899 1476 1050 1519 ἐκεῖνον
1103 1479 1168 1518 τὸν
1209 1484 1364 1532 πρῶτον
1405 1484 1476 1533 τῆς
1517 1476 1606 1518 κατ’
1637 1494 1674 1524 14

166 1545 312 1594 αὐτοὺς
353 1548 576 1602 λεγομένης
617 1549 866 1603 προφητείας
907 1544 990 1587 οἷον
1031 1545 1243 1600 ἐπίτροπόν
1283 1561 1369 1587 τινα
1409 1545 1607 1587 Θεόδοτον

167 1617 295 1664 πολὺς
327 1613 431 1670 αἱρεῖ
460 1616 598 1667 λόγος,
637 1613 690 1662 ὡς
723 1613 935 1670 αἰρόμενόν
966 1629 1061 1656 ποτε
1102 1617 1172 1656 καὶ
1219 1613 1607 1670 ἀναλαμβανόμενον

167 1683 224 1733 εἷς
265 1681 462 1739 οὖρανοὺς
500 1686 777 1739 παρεκστῆναί
826 1699 866 1724 τε
907 1686 977 1724 καὶ
1016 1688 1332 1724 καταπιστευσαι
1371 1682 1512 1724 ἑαυτὸν
1553 1690 1606 1736 τῷ

165 1760 237 1810 τῆς
277 1752 438 1808 ἀπάτης
484 1753 676 1807 πνευματι
730 1754 800 1793 καὶ
851 1751 1114 1793 δισκευθέντα
1168 1758 1307 1798 κακῶς
1356 1753 1604 1806 τελευτῆσαι.

115 1839 147 1865 ²5
166 1825 267 1879 φασὶ
307 1826 401 1874 γοῦν
446 1826 562 1862 τοῦτο
605 1818 730 1867 οὔτως
761 1823 983 1872 γεγονέναι·
1029 1819 1137 1861 ἀλλὰ
1178 1822 1232 1875 μὴ
1277 1818 1369 1860 ἄνευ
1409 1825 1478 1860 τοῦ
1510 1817 1605 1860 ἰδεῖν
1636 1835 1671 1867 15

165 1889 276 1947 ἡμᾶς
321 1889 568 1932 ἐπίστασθαί
614 1904 648 1929 τι
692 1896 768 1930 τῶν
813 1890 999 1930 τοιουτων
1045 1890 1280 1944 νομίζομεν,
1332 1887 1363 1928 ὦ
1408 1890 1603 1942 μακάριε·

165 1958 263 2006 ἴσως
294 1961 366 2015 μὲν
396 1960 473 2013 γὰρ
506 1956 645 2006 οὔτως,
672 1957 770 2004 ἴσως
803 1957 846 1997 δὲ
878 1955 956 2013 οὐχ
989 1953 1115 2004 οὕτως
1136 1957 1461 2012 τετελευτήκασιν
1493 1954 1605 1996 Μον-

164 2030 285 2074 τανός
324 2042 365 2068 τε
403 2029 475 2068 καὶ
506 2026 709 2072 Θεόδοτος
740 2028 811 2066 καί
853 2024 877 2081 ἡ
921 2029 1190 2081 προειρημένη
1223 2028 1362 2081 γυνή.“
1393 2049 1447 2054 -«
1484 2021 1604 2070 αὖθις
1636 2038 1672 2067 16

165 2094 202 2136 δ’
232 2094 272 2137 ἐν
303 2102 357 2149 τῷ
389 2091 495 2149 αὒτῷ
532 2109 652 2151 φησιν
684 2095 792 2148 λόγῳ
824 2094 917 2141 τοὺς
954 2097 1040 2134 τότε
1082 2091 1213 2148 ἱεροὺς
1255 2092 1501 2139 ἐπισκόπους
1532 2107 1605 2133 πε-

112 2181 147 2208 ³0
163 2165 388 2218 πειρᾶσθαι
409 2167 480 2220 μὲν
496 2165 539 2204 τὸ
558 2162 597 2204 ἐν
613 2170 660 2217 τῇ
678 2161 916 2218 Μαξιμίλλῃ
932 2167 1089 2217 πνεῦμα
1110 2161 1319 2214 διελέγξαι,
1340 2162 1606 2202 κεκωλῦσθαι

165 2232 211 2273 δὲ
239 2235 343 2287 πρὸς
365 2231 522 2287 ἑτέρων,
553 2232 844 2286 συνεργουντων
865 2231 1026 2286 δηλαδὴ
1052 2238 1105 2284 τῷ
1133 2231 1338 2285 πνευματι.
1388 2232 1534 2285 γράφει
1561 2229 1604 2269 δὲ

166 2297 316 2348 οὕτως·
339 2302 435 2349 ,,καὶ
458 2303 512 2356 μὴ
536 2302 684 2353 λεγέτω
702 2299 742 2340 εν
757 2306 812 2354 τῷ
838 2297 945 2353 αὐτῷ
963 2300 1070 2353 λόγῳ
1088 2305 1141 2353 τῷ
1158 2300 1263 2339 κατὰ
1281 2297 1490 2352 Ἀστέριον
1508 2296 1603 2352 Ὀρ-
1635 2307 1670 2336 17

166 2369 286 2422 βανὸν
315 2371 360 2411 τὸ
392 2368 459 2410 διὰ
480 2367 742 2424 Μαξιμίλλης
773 2373 930 2422 πνεῦμα
959 2365 1239 2422 (διώκομαι
1271 2364 1335 2413 ὡς
1367 2366 1526 2412 λυκος
1548 2364 1604 2406 ἐκ

165 2437 466 2492 προβάτων·
500 2436 593 2478 ουκ
625 2435 731 2492 εἰμὶ
762 2437 947 2482 λυκος·
981 2433 1122 2491 ῥῆμά
1154 2433 1603 2490 εἷμικαὶπνεῦμα

281 2594 297 2616 2
325 2585 553 2632 ἀπείχθησαν
626 2594 737 2626 7—14
762 2586 826 2616 Mt.
843 2593 896 2626 23,
918 2592 960 2625 34
1034 2584 1075 2615 26
1100 2583 1293 2629 νομίζωμεν
1367 2592 1406 2624 33
1437 2581 1602 2628 οὒρβανὸν
