1795 2860
198 72 248 107 24
475 67 596 89 TEXTE
625 67 697 89 ΖΓΚ
725 66 963 89 GESCHICHTE
987 67 1054 90 DES
1080 67 1354 90 MONTANISMI'S

196 175 462 212 devolvuntur
493 204 500 212 .
534 205 540 211 .
575 205 581 211 .
614 174 665 210 illi
705 174 758 210 ad
804 186 927 211 omne
959 186 1089 223 paene
1121 175 1309 212 delictum
1342 176 1534 212 ecclesiae
1566 177 1640 212 ob-

195 238 328 269 serant
368 233 495 279 fores;
537 244 612 268 nos
654 231 801 268 cotidie
841 232 1007 281 legimus
1050 232 1180 275 „malo
1224 233 1513 280 paenitentiam
1544 245 1639 281 pec-

196 290 339 326 catoris
371 301 492 337 quam
524 292 719 325 mortem“
751 295 821 325 etc.

777 446 1063 484 ORIGENES

318 528 451 564 Calene
470 527 522 564 ed.
555 527 709 564 Cramer
727 527 842 575 (Oaf.
865 528 964 574 1841)
997 541 1043 562 zu
1071 526 1149 563 Cor.
1171 542 1198 566 s,
1223 538 1314 576 279,
1350 539 1371 576 3
1388 529 1427 565 ff.
1450 542 1496 564 zu
1523 544 1537 564 I
1562 528 1640 566 Cor.
1679 545 1694 571 5

204 608 264 642 14,
284 607 348 643 34.
382 595 530 649 ταὺτης
554 594 596 634 δὲ
619 600 690 649 τῆς
712 591 880 648 ἐντολῆς
903 591 978 634 οὐκ
998 591 1103 648 ἦσαν
1126 591 1164 634 οἱ
1186 601 1261 633 τῶν
1282 600 1479 646 γυναικῶν
1502 595 1642 650 μαθη-

197 664 273 714 ταί,
307 660 345 703 οἱ
378 664 706 718 μαθητευθεντες
738 660 970 716 Πρισκίλλῃ
1003 664 1073 702 καὶ
1104 661 1356 718 Μαξιμίλλῃ,
1390 659 1435 703 οἵ)
1468 661 1642 718 Χριστοῦ

198 736 266 771 τοῦ
299 729 445 786 ανδρὸς
476 737 548 786 τῆς
579 732 764 787 νὺμιρης.
785 734 984 785 ,τέσσαρε
988 746 1020 786 ς,
1054 733 1166 787 φασί,
1199 733 1418 786 θυγυτέρες
1439 730 1543 798 ἦσαν
1567 730 1643 772 Φι-

199 800 237 839 λί
227 814 348 840 πποι)
377 805 445 840 τοῦ
477 798 659 852 εἷ)αγ,ελ
654 814 761 840 στου
792 801 863 840 καὶ
895 803 1183 856 προεφήτευον.
1226 798 1260 840 εἰ
1291 800 1334 841 δε
1357 803 1641 856 προεφήτευον,

197 870 231 908 τί
263 867 413 909 ἄτοπόν
436 867 517 909 ἐστι
547 871 618 909 καὶ
639 870 711 914 τὰς
732 867 946 924 ἡμετερας,
979 866 1035 915 ὡς
1057 870 1178 925 φασὶν
1201 867 1357 922 ἐκεῖνοι
1388 868 1643 925 προφήτιδας
1667 900 1696 917 10

200 938 484 992 προφητεὺειν;
521 943 646 978 ταῦτα
679 937 721 978 δὲ
753 938 950 992 λὺσομεν·
984 944 1140 992 πρῶτον
1173 940 1243 992 μὲν
1275 938 1471 991 λέγοντες,
1513 936 1573 979 οτι
1604 945 1645 978 α’-

199 1004 387 1061 ὑμέτεραι
427 1009 714 1062 προεφήτευον,
760 1005 910 1053 δείξατε
951 1008 999 1046 τὰ
1041 1012 1191 1062 σημεῖα
1221 1012 1293 1062 τῆς
1324 1008 1574 1062 προφητείας
1605 1004 1645 1047 ἐν

199 1072 352 1120 αὒταῖς.
391 1074 572 1129 δεύτερον
595 1074 651 1122 δέ,
676 1072 709 1114 εἰ
730 1076 799 1114 καὶ
821 1078 1097 1130 προεφήτευον
1119 1073 1160 1115 αἱ
1180 1076 1404 1129 θυγατέρες
1421 1073 1645 1129 Φιλίππου,

201 1142 294 1183 ἀλλ’
327 1140 402 1184 οὐκ
434 1141 472 1183 ἐν
505 1149 592 1189 ταῖς
624 1141 864 1198 ἐκκλησίαις
897 1142 1059 1195 ἔλεγον·
1094 1142 1139 1184 οἱ)
1170 1145 1246 1198 γὰρ
1279 1143 1429 1199 ἐ’χομεν
1459 1149 1574 1184 τοῦτο
1607 1142 1646 1184 ἐν

200 1218 281 1258 τοῖς
304 1210 504 1267 Πράξεσιν
537 1218 612 1252 τῶν
646 1210 908 1253 ἀποστόλων·
942 1210 1037 1252 ὀιλλ>
1070 1210 1164 1253 οὐδὲ
1195 1211 1235 1254 ἐν
1256 1219 1303 1268 τῇ
1325 1214 1497 1266 παλαιᾷ.
1541 1212 1645 1266 Δεβ-
1668 1241 1699 1266 15

202 1282 313 1335 βῶρα
356 1282 653 1336 μεμαρτύρεται
694 1287 894 1337 προφῆτις
936 1279 1047 1323 εἶναι.
1092 1282 1280 1335 λαβοῦσα
1322 1282 1365 1321 δὲ
1404 1280 1580 1338 Μαρίαμ
1619 1280 1645 1337 ἡ

201 1350 358 1405 ἀδελφὴ
394 1349 558 1404 Ἀαρὼν
591 1353 656 1391 τὸν
687 1350 902 1404 τὺμπανον,
937 1348 1084 1406 ἐξῆρχε
1114 1357 1189 1391 τῶν
1219 1357 1416 1403 γυναικῶν
1449 1385 1458 1393 .
1490 1384 1496 1390 .
1532 1382 1539 1390 .
1573 1349 1648 1392 οὐκ

204 1418 249 1460 ἂν
272 1416 418 1473 εὕροις,
452 1417 510 1460 ’ὅτι
533 1417 663 1460 Ὀλδὰ
695 1425 896 1474 προφῆτις
930 1415 1031 1460 οὖσα
1062 1417 1243 1475 ἐλάλησε
1264 1427 1318 1473 τῷ
1340 1420 1441 1474 λαῷ,
1475 1418 1569 1461 ἀλλ’
1592 1419 1647 1461 ἑνί

201 1502 272 1529 τινι
303 1488 466 1528 ἐλθόντι
496 1490 598 1542 πρὸς
630 1485 766 1542 αὐτήν.

315 1559 362 1595 In
410 1559 530 1595 Titum
574 1559 638 1609 (V,
672 1569 747 1607 291
785 1558 1070 1609 Lomnmtzsch).
1142 1559 1426 1608 Requisierunt
1457 1561 1643 1609 quidam,
1666 1584 1698 1601 20

200 1623 332 1653 utrum
355 1617 538 1654 haeresin
559 1629 611 1653 an
633 1617 806 1653 schisma
828 1623 1011 1665 oporteat
1032 1617 1164 1654 vocari
1183 1629 1262 1662 eos,
1285 1617 1353 1666 qui
1370 1617 1645 1667 Cataphryges

201 1674 461 1711 nominantur
492 1674 752 1711 observantes
783 1675 902 1713 falsos
934 1674 1153 1723 prophetas
1185 1680 1225 1711 et
1256 1675 1455 1712 dicentes:
1490 1675 1556 1712 Ne
1577 1687 1643 1712 ac-

202 1732 322 1768 cedas
353 1732 406 1768 ad
438 1744 514 1776 me,
547 1732 739 1780 quoniam
770 1733 947 1769 mundus
978 1744 1087 1779 sum;
1120 1744 1203 1769 non
1236 1733 1344 1769 enim
1375 1732 1513 1782 accepi
1544 1745 1644 1769 uxo-

201 1801 295 1833 rem,
328 1801 402 1825 nec
436 1795 494 1826 est
525 1789 751 1837 sepulcrum
782 1796 927 1839 patens
958 1795 1092 1839 guttur
1124 1801 1270 1834 meum,
1304 1790 1377 1827 sed
1400 1802 1487 1827 sum
1511 1790 1644 1827 Naza-

201 1857 315 1882 raeus
347 1845 435 1890 Dei,
466 1857 550 1883 non
583 1847 725 1883 bibens
756 1847 893 1884 vinum
924 1847 1024 1883 sicut
1054 1847 1117 1883 illi.
1663 1867 1696 1893 25

737 2029 1106 2067 TERTULLIAN

316 2109 376 2145 De
398 2109 644 2157 monogamia.
697 2121 709 2145 1
750 2110 955 2147 Haeretici
977 2111 1137 2159 nuptias
1159 2112 1355 2156 auferunt,
1387 2111 1565 2160 psychici
1586 2112 1646 2148 in-

201 2173 353 2215 gerunt.
386 2166 448 2202 ille
464 2178 540 2202 nec
556 2167 687 2211 semel,
710 2167 771 2204 isti
788 2179 871 2204 non
889 2168 1011 2204 semel
1027 2169 1194 2205 nubunt.
1228 2169 1324 2217 quid
1342 2169 1435 2218 agis,
1457 2169 1519 2206 lex
1536 2181 1646 2206 crea-

202 2224 325 2260 toris?
348 2224 446 2260 inter
470 2224 622 2260 alienos
644 2225 847 2272 spadones
870 2231 908 2261 et
929 2225 1082 2274 aurigas
1104 2232 1193 2262 tuos
1214 2226 1452 2262 tantundem
1471 2226 1647 2274 quereris

203 2281 254 2317 de
285 2281 509 2318 domestico
532 2281 728 2329 obsequio
751 2287 946 2330 quantum
969 2283 1021 2319 de
1041 2283 1201 2319 fastidio
1224 2289 1425 2319 extraneo.
1476 2283 1648 2332 proinde
1667 2300 1700 2326 30

203 2347 242 2374 te
284 2338 450 2374 laedunt
491 2339 558 2386 qui
599 2339 816 2375 abutuntur
856 2340 1204 2387 quemadmodum
1246 2341 1313 2388 qui
1353 2352 1436 2376 non
1471 2346 1647 2380 utuntur.

204 2407 340 2431 verum
383 2407 514 2444 neque
556 2396 801 2432 continentia
838 2396 1035 2433 eiusmodi
1066 2397 1280 2441 laudanda,
1322 2397 1416 2446 quia
1447 2398 1648 2435 haeretica

204 2459 274 2496 est,
315 2464 449 2500 neque
485 2452 643 2489 licentia
684 2453 952 2498 defendenda,
994 2452 1087 2502 quia
1118 2454 1307 2503 psychica
1340 2460 1407 2491 est.
1467 2454 1532 2492 illa
1561 2455 1646 2491 bla-

322 2551 338 2572 2
375 2542 497 2573 Ezech.
536 2542 586 2579 18,
624 2550 662 2582 23
787 2544 871 2583 13fs.
906 2545 982 2574 Act.
1018 2552 1071 2582 21,
1105 2552 1134 2584 9.
1184 2544 1258 2575 Iud.
1286 2554 1317 2584 4,
1350 2554 1380 2582 4.
1424 2544 1487 2575 Ex.
1518 2552 1567 2585 15,
1595 2553 1647 2575 20.

205 2596 224 2625 4
252 2589 341 2628 Reg.
370 2596 422 2625 22,
453 2597 492 2628 14
565 2596 604 2626 27
633 2588 720 2629 Opp.
748 2588 800 2619 ed.
828 2587 953 2620 Oehler
