<?xml version="1.0" encoding="UTF-8"?>
<!DOCTYPE html PUBLIC "-//W3C//DTD XHTML 1.0 Transitional//EN"
    "http://www.w3.org/TR/xhtml1/DTD/xhtml1-transitional.dtd">
<html xmlns="http://www.w3.org/1999/xhtml" xml:lang="en" lang="en">
 <head>
  <title>
</title>
<meta http-equiv="Content-Type" content="text/html;charset=utf-8" />
  <meta name='ocr-system' content='tesseract 3.04.00' />
  <meta name='ocr-capabilities' content='ocr_page ocr_carea ocr_par ocr_line ocrx_word'/>
</head>
<body>
  <div class='ocr_page' id='page_1' title='image "./textezurgeschich00bonwuoft_0023.png"; bbox 0 0 1811 2876; ppageno 0'>
   <div class='ocr_carea' id='block_1_1' title="bbox 113 120 1624 949">
    <p class='ocr_par' dir='ltr' id='par_1_1' title="bbox 176 120 1624 501">
     <span class='ocr_line' id='line_1_1' title="bbox 797 120 1624 181; baseline 0.029 -39"><span class='ocrx_word' id='word_1_1' title='bbox 797 120 1023 149; x_wconf 67' lang='lat' dir='ltr'>EPIPHANIUS</span> <span class='ocrx_word' id='word_1_2' title='bbox 1579 149 1624 181; x_wconf 69' lang='lat'>10</span> 
     </span>
     <span class='ocr_line' id='line_1_2' title="bbox 181 212 1621 303; baseline 0.03 -56"><span class='ocrx_word' id='word_1_3' title='bbox 181 214 254 264; x_wconf 89' lang='grc' dir='ltr'>τῆς</span> <span class='ocrx_word' id='word_1_4' title='bbox 286 212 404 260; x_wconf 85' lang='grc' dir='ltr'>θείας</span> <span class='ocrx_word' id='word_1_5' title='bbox 435 225 596 273; x_wconf 69' lang='grc' dir='ltr'>γραφῆς</span> <span class='ocrx_word' id='word_1_6' title='bbox 628 221 833 277; x_wconf 78' lang='grc' dir='ltr'>διηγεῖται.</span> <span class='ocrx_word' id='word_1_7' title='bbox 881 229 987 281; x_wconf 86' lang='grc' dir='ltr'>λέγει</span> <span class='ocrx_word' id='word_1_8' title='bbox 1017 234 1094 287; x_wconf 88' lang='grc' dir='ltr'>γὰρ</span> <span class='ocrx_word' id='word_1_9' title='bbox 1127 235 1167 275; x_wconf 73' lang='grc' dir='ltr'>ἐν</span> <span class='ocrx_word' id='word_1_10' title='bbox 1189 244 1235 292; x_wconf 76' lang='grc' dir='ltr'>τῇ</span> <span class='ocrx_word' id='word_1_11' title='bbox 1259 238 1402 283; x_wconf 79' lang='grc' dir='ltr'>ἑαυτοῦ</span> <span class='ocrx_word' id='word_1_12' title='bbox 1426 245 1621 303; x_wconf 74' lang='grc' dir='ltr'>λεγομένῃ</span> 
     </span>
     <span class='ocr_line' id='line_1_3' title="bbox 181 284 1620 370; baseline 0.029 -54"><span class='ocrx_word' id='word_1_13' title='bbox 181 284 406 335; x_wconf 73' lang='grc' dir='ltr'>προφητείᾳ</span> <span class='ocrx_word' id='word_1_14' title='bbox 457 287 499 324; x_wconf 90' lang='grc' dir='ltr'>τί</span> <span class='ocrx_word' id='word_1_15' title='bbox 540 287 717 341; x_wconf 90' lang='grc' dir='ltr'>λέγεις</span> <span class='ocrx_word' id='word_1_16' title='bbox 761 295 846 334; x_wconf 89' lang='grc' dir='ltr'>τὸν</span> <span class='ocrx_word' id='word_1_17' title='bbox 888 294 1016 352; x_wconf 69' lang='grc' dir='ltr'>ὑπὲρ</span> <span class='ocrx_word' id='word_1_18' title='bbox 1059 301 1342 359; x_wconf 84' lang='grc' dir='ltr'>ἄνθρωπον</span> <span class='ocrx_word' id='word_1_19' title='bbox 1384 316 1620 370; x_wconf 78' lang='grc' dir='ltr'>σωζόμε-</span> 
     </span>
     <span class='ocr_line' id='line_1_4' title="bbox 178 350 1619 438; baseline 0.029 -54"><span class='ocrx_word' id='word_1_20' title='bbox 178 359 290 394; x_wconf 88' lang='grc' dir='ltr'>νον;</span> <span class='ocrx_word' id='word_1_21' title='bbox 333 350 530 406; x_wconf 79' lang='grc' dir='ltr'>λάμψει</span> <span class='ocrx_word' id='word_1_22' title='bbox 562 360 680 412; x_wconf 85' lang='grc' dir='ltr'>γάρ,</span> <span class='ocrx_word' id='word_1_23' title='bbox 714 364 848 416; x_wconf 72' lang='grc' dir='ltr'>φησίν,</span> <span class='ocrx_word' id='word_1_24' title='bbox 882 363 902 405; x_wconf 99' lang='lat'>6</span> <span class='ocrx_word' id='word_1_25' title='bbox 936 367 1152 418; x_wconf 87' lang='grc' dir='ltr'>δίκαιος</span> <span class='ocrx_word' id='word_1_26' title='bbox 1189 372 1316 431; x_wconf 70' lang='grc' dir='ltr'>ὅπερ</span> <span class='ocrx_word' id='word_1_27' title='bbox 1348 382 1432 420; x_wconf 84' lang='grc' dir='ltr'>τὸν</span> <span class='ocrx_word' id='word_1_28' title='bbox 1465 381 1619 438; x_wconf 77' lang='grc' dir='ltr'>ἥλιον</span> 
     </span>
     <span class='ocr_line' id='line_1_5' title="bbox 176 411 1615 501; baseline 0.029 -48"><span class='ocrx_word' id='word_1_29' title='bbox 176 411 741 476; x_wconf 75' lang='grc' dir='ltr'>ἑκατονταπλασίονα,</span> <span class='ocrx_word' id='word_1_30' title='bbox 790 430 835 471; x_wconf 78' lang='grc' dir='ltr'>οἱ</span> <span class='ocrx_word' id='word_1_31' title='bbox 877 434 930 474; x_wconf 80' lang='grc' dir='ltr'>δέ</span> <span class='ocrx_word' id='word_1_32' title='bbox 973 443 1155 493; x_wconf 82' lang='grc' dir='ltr'>μικροὶ</span> <span class='ocrx_word' id='word_1_33' title='bbox 1196 441 1247 482; x_wconf 81' lang='grc' dir='ltr'>ἐν</span> <span class='ocrx_word' id='word_1_34' title='bbox 1289 443 1407 501; x_wconf 77' lang='grc' dir='ltr'>ὑμῖν</span> <span class='ocrx_word' id='word_1_35' title='bbox 1449 455 1615 499; x_wconf 76' lang='grc' dir='ltr'>σωζό-</span> 
     </span>
    </p>

    <p class='ocr_par' dir='ltr' id='par_1_2' title="bbox 140 489 1613 642">
     <span class='ocr_line' id='line_1_6' title="bbox 140 489 1613 576; baseline 0.029 -55"><span class='ocrx_word' id='word_1_36' title='bbox 140 496 322 536; x_wconf 72' lang='grc' dir='ltr'>5μενοι</span> <span class='ocrx_word' id='word_1_37' title='bbox 384 489 688 545; x_wconf 79' lang='grc' dir='ltr'>λάμψουσιν</span> <span class='ocrx_word' id='word_1_38' title='bbox 749 497 1290 552; x_wconf 70' lang='grc' dir='ltr'>ἑκατονταπλασίονα</span> <span class='ocrx_word' id='word_1_39' title='bbox 1347 512 1475 572; x_wconf 66' lang='grc' dir='ltr'>Ι3πὲρ</span> <span class='ocrx_word' id='word_1_40' title='bbox 1526 523 1613 576; x_wconf 82' lang='grc' dir='ltr'>τὴν</span> 
     </span>
     <span class='ocr_line' id='line_1_7' title="bbox 173 552 1611 642; baseline 0.028 -52"><span class='ocrx_word' id='word_1_41' title='bbox 173 552 413 610; x_wconf 77' lang='grc' dir='ltr'>σελήνην.</span> <span class='ocrx_word' id='word_1_42' title='bbox 462 556 482 598; x_wconf 84' lang='lat'>6</span> <span class='ocrx_word' id='word_1_43' title='bbox 516 559 558 600; x_wconf 80' lang='grc' dir='ltr'>δὲ</span> <span class='ocrx_word' id='word_1_44' title='bbox 589 563 728 617; x_wconf 76' lang='grc' dir='ltr'>κυριος</span> <span class='ocrx_word' id='word_1_45' title='bbox 760 564 921 624; x_wconf 76' lang='grc' dir='ltr'>ἐλέγχει</span> <span class='ocrx_word' id='word_1_46' title='bbox 953 574 1017 613; x_wconf 88' lang='grc' dir='ltr'>τὸν</span> <span class='ocrx_word' id='word_1_47' title='bbox 1049 581 1237 633; x_wconf 81' lang='grc' dir='ltr'>τοιοῦτον,</span> <span class='ocrx_word' id='word_1_48' title='bbox 1272 579 1292 620; x_wconf 85' lang='lat'>6</span> <span class='ocrx_word' id='word_1_49' title='bbox 1320 581 1427 638; x_wconf 84' lang='grc' dir='ltr'>ἔχων</span> <span class='ocrx_word' id='word_1_50' title='bbox 1457 589 1526 642; x_wconf 77' lang='grc' dir='ltr'>τὴν</span> <span class='ocrx_word' id='word_1_51' title='bbox 1547 587 1611 635; x_wconf 77' lang='grc' dir='ltr'>ἐξ·</span> 
     </span>
    </p>

    <p class='ocr_par' dir='ltr' id='par_1_3' title="bbox 167 622 1572 821">
     <span class='ocr_line' id='line_1_8' title="bbox 171 622 1572 701; baseline 0.028 -43"><span class='ocrx_word' id='word_1_52' title='bbox 171 622 309 661; x_wconf 91' lang='grc' dir='ltr'>ουσίαν</span> <span class='ocrx_word' id='word_1_53' title='bbox 335 628 594 678; x_wconf 79' lang='grc' dir='ltr'>χαρίσασθαι</span> <span class='ocrx_word' id='word_1_54' title='bbox 620 633 663 672; x_wconf 87' lang='grc' dir='ltr'>τὸ</span> <span class='ocrx_word' id='word_1_55' title='bbox 686 633 857 688; x_wconf 86' lang='grc' dir='ltr'>λάμπειν</span> <span class='ocrx_word' id='word_1_56' title='bbox 880 640 927 678; x_wconf 87' lang='grc' dir='ltr'>τὰ</span> <span class='ocrx_word' id='word_1_57' title='bbox 950 644 1148 693; x_wconf 79' lang='grc' dir='ltr'>πρόσωπα</span> <span class='ocrx_word' id='word_1_58' title='bbox 1171 653 1244 688; x_wconf 81' lang='grc' dir='ltr'>τῶν</span> <span class='ocrx_word' id='word_1_59' title='bbox 1268 647 1389 701; x_wconf 79' lang='grc' dir='ltr'>ἁγίων</span> <span class='ocrx_word' id='word_1_60' title='bbox 1411 685 1418 692; x_wconf 97' lang='grc'><em>.</em></span> <span class='ocrx_word' id='word_1_61' title='bbox 1446 685 1453 693; x_wconf 96' lang='grc'><strong>.</strong></span> <span class='ocrx_word' id='word_1_62' title='bbox 1563 655 1572 661; x_wconf 71' lang='grc'><strong>”</strong></span> 
     </span>
     <span class='ocr_line' id='line_1_9' title="bbox 167 684 1181 767; baseline 0.028 -41"><span class='ocrx_word' id='word_1_63' title='bbox 167 684 432 743; x_wconf 80' lang='grc' dir='ltr'>ἐπηγγείλατο</span> <span class='ocrx_word' id='word_1_64' title='bbox 464 699 568 737; x_wconf 81' lang='grc' dir='ltr'>κατὰ</span> <span class='ocrx_word' id='word_1_65' title='bbox 599 701 665 740; x_wconf 78' lang='grc' dir='ltr'>τὸν</span> <span class='ocrx_word' id='word_1_66' title='bbox 687 699 907 754; x_wconf 75' lang='grc' dir='ltr'>Μοντανόν,</span> <span class='ocrx_word' id='word_1_67' title='bbox 941 707 1049 750; x_wconf 77' lang='grc' dir='ltr'>ἀλλά</span> <span class='ocrx_word' id='word_1_68' title='bbox 1083 726 1181 767; x_wconf 71' lang='grc' dir='ltr'>φησι</span> 
     </span>
     <span class='ocr_line' id='line_1_10' title="bbox 167 760 696 821; baseline 0.025 -25"><span class='ocrx_word' id='word_1_69' title='bbox 167 760 365 810; x_wconf 86' lang='grc' dir='ltr'>πρόσωπα</span> <span class='ocrx_word' id='word_1_70' title='bbox 396 760 452 809; x_wconf 82' lang='grc' dir='ltr'>ὡς</span> <span class='ocrx_word' id='word_1_71' title='bbox 484 763 504 805; x_wconf 87' lang='lat'>6</span> <span class='ocrx_word' id='word_1_72' title='bbox 536 765 696 821; x_wconf 76' lang='grc' dir='ltr'>ἦλιος“.</span> 
     </span>
    </p>

    <p class='ocr_par' dir='ltr' id='par_1_4' title="bbox 113 828 1601 949">
     <span class='ocr_line' id='line_1_11' title="bbox 113 828 1601 915; baseline 0.029 -54"><span class='ocrx_word' id='word_1_73' title='bbox 113 843 144 860; x_wconf 89' lang='lat'>10</span> <span class='ocrx_word' id='word_1_74' title='bbox 285 840 325 866; x_wconf 92' lang='lat'>11</span> <span class='ocrx_word' id='word_1_75' title='bbox 350 828 440 871; x_wconf 73' lang='grc' dir='ltr'>νΕτι</span> <span class='ocrx_word' id='word_1_76' title='bbox 463 832 506 873; x_wconf 81' lang='grc' dir='ltr'>δὲ</span> <span class='ocrx_word' id='word_1_77' title='bbox 528 839 794 894; x_wconf 71' lang='grc' dir='ltr'>προστίθησιν</span> <span class='ocrx_word' id='word_1_78' title='bbox 817 841 837 882; x_wconf 90' lang='lat'>6</span> <span class='ocrx_word' id='word_1_79' title='bbox 856 841 977 891; x_wconf 78' lang='grc' dir='ltr'>αὐτὸς</span> <span class='ocrx_word' id='word_1_80' title='bbox 995 845 1203 898; x_wconf 81' lang='grc' dir='ltr'>Μοντανὸς</span> <span class='ocrx_word' id='word_1_81' title='bbox 1231 851 1332 896; x_wconf 67' lang='grc' dir='ltr'>οὕτω</span> <span class='ocrx_word' id='word_1_82' title='bbox 1361 858 1486 910; x_wconf 87' lang='grc' dir='ltr'>λέγων</span> <span class='ocrx_word' id='word_1_83' title='bbox 1512 861 1601 915; x_wconf 80' lang='grc' dir='ltr'>ἐγὼ</span> 
     </span>
     <span class='ocr_line' id='line_1_12' title="bbox 160 894 636 949; baseline 0.025 -16"><span class='ocrx_word' id='word_1_84' title='bbox 160 894 347 948; x_wconf 76' lang='grc' dir='ltr'>κύριος</span> <span class='ocrx_word' id='word_1_85' title='bbox 389 897 408 939; x_wconf 85' lang='lat'>6</span> <span class='ocrx_word' id='word_1_86' title='bbox 442 902 573 949; x_wconf 78' lang='grc' dir='ltr'>θεὸς</span> <span class='ocrx_word' id='word_1_87' title='bbox 616 903 636 945; x_wconf 88' lang='lat'>6</span> 
     </span>
    </p>
   </div>
   <div class='ocr_carea' id='block_1_2' title="bbox 161 959 559 1021">
    <p class='ocr_par' dir='ltr' id='par_1_5' title="bbox 161 959 559 1021">
     <span class='ocr_line' id='line_1_13' title="bbox 161 959 559 1021; baseline 0.023 -20"><span class='ocrx_word' id='word_1_88' title='bbox 161 959 432 1021; x_wconf 70' lang='grc' dir='ltr'>ἀνθρώπῳ.</span> <span class='ocrx_word' id='word_1_89' title='bbox 468 1001 475 1008; x_wconf 95' lang='grc'><strong>.</strong></span> <span class='ocrx_word' id='word_1_90' title='bbox 511 1003 518 1009; x_wconf 95' lang='grc'><strong><em>.</em></strong></span> <span class='ocrx_word' id='word_1_91' title='bbox 552 1003 559 1010; x_wconf 91' lang='grc'><strong>.</strong></span> 
     </span>
    </p>
   </div>
   <div class='ocr_carea' id='block_1_3' title="bbox 1214 665 1609 777">
    <p class='ocr_par' dir='ltr' id='par_1_6' title="bbox 1214 665 1609 777">
     <span class='ocr_line' id='line_1_14' title="bbox 1479 665 1609 698; baseline 0.038 -4"><span class='ocrx_word' id='word_1_92' title='bbox 1479 669 1501 694; x_wconf 89' lang='grc'>.·</span> <span class='ocrx_word' id='word_1_93' title='bbox 1535 665 1609 698; x_wconf 80' lang='grc' dir='ltr'>ουκ</span> 
     </span>
     <span class='ocr_line' id='line_1_15' title="bbox 1214 717 1606 777; baseline 0.031 -22"><span class='ocrx_word' id='word_1_94' title='bbox 1214 717 1392 774; x_wconf 45' lang='grc' dir='ltr'>,λάμψει</span> <span class='ocrx_word' id='word_1_95' title='bbox 1424 719 1532 777; x_wconf 74' lang='grc' dir='ltr'>ὑμῶν</span> <span class='ocrx_word' id='word_1_96' title='bbox 1559 729 1606 767; x_wconf 81' lang='grc' dir='ltr'>τὰ</span> 
     </span>
    </p>
   </div>
   <div class='ocr_carea' id='block_1_4' title="bbox 81 916 1601 2073">
    <p class='ocr_par' dir='ltr' id='par_1_7' title="bbox 155 916 1601 1179">
     <span class='ocr_line' id='line_1_16' title="bbox 670 916 1601 980; baseline 0.029 -34"><span class='ocrx_word' id='word_1_97' title='bbox 670 916 1054 970; x_wconf 78' lang='grc' dir='ltr'>παντοκράτωρ</span> <span class='ocrx_word' id='word_1_98' title='bbox 1086 928 1520 980; x_wconf 74' lang='grc' dir='ltr'>καταγινὸμενος</span> <span class='ocrx_word' id='word_1_99' title='bbox 1552 931 1601 973; x_wconf 81' lang='grc' dir='ltr'>ἐν</span> 
     </span>
     <span class='ocr_line' id='line_1_17' title="bbox 598 971 1600 1047; baseline 0.029 -35"><span class='ocrx_word' id='word_1_100' title='bbox 598 971 841 1031; x_wconf 75' lang='grc' dir='ltr'>ασῦμιρωνος</span> <span class='ocrx_word' id='word_1_101' title='bbox 890 984 1017 1023; x_wconf 77' lang='grc' dir='ltr'>τοίνυν</span> <span class='ocrx_word' id='word_1_102' title='bbox 1058 991 1310 1031; x_wconf 87' lang='grc' dir='ltr'>παντάπασιν</span> <span class='ocrx_word' id='word_1_103' title='bbox 1358 992 1378 1034; x_wconf 90' lang='lat'>6</span> <span class='ocrx_word' id='word_1_104' title='bbox 1422 1005 1600 1047; x_wconf 80' lang='grc' dir='ltr'>τοιοῦτος</span> 
     </span>
     <span class='ocr_line' id='line_1_18' title="bbox 157 1032 1345 1110; baseline 0.027 -42"><span class='ocrx_word' id='word_1_105' title='bbox 157 1036 232 1069; x_wconf 88' lang='grc' dir='ltr'>τῶν</span> <span class='ocrx_word' id='word_1_106' title='bbox 253 1032 375 1074; x_wconf 83' lang='grc' dir='ltr'>θείων</span> <span class='ocrx_word' id='word_1_107' title='bbox 395 1044 562 1093; x_wconf 65' lang='grc' dir='ltr'>γραφῶν</span> <span class='ocrx_word' id='word_1_108' title='bbox 582 1038 754 1098; x_wconf 69' lang='grc' dir='ltr'>ηὑρέθη,</span> <span class='ocrx_word' id='word_1_109' title='bbox 779 1043 834 1092; x_wconf 87' lang='grc' dir='ltr'>ὡς</span> <span class='ocrx_word' id='word_1_110' title='bbox 863 1052 978 1089; x_wconf 88' lang='grc' dir='ltr'>παντί</span> <span class='ocrx_word' id='word_1_111' title='bbox 999 1066 1051 1105; x_wconf 81' lang='grc' dir='ltr'>τῳ</span> <span class='ocrx_word' id='word_1_112' title='bbox 1076 1059 1204 1110; x_wconf 76' lang='grc' dir='ltr'>σαφές</span> <span class='ocrx_word' id='word_1_113' title='bbox 1224 1056 1305 1099; x_wconf 77' lang='grc' dir='ltr'>ἐστι</span> <span class='ocrx_word' id='word_1_114' title='bbox 1327 1075 1345 1100; x_wconf 86' lang='grc' dir='ltr'>τ</span> 
     </span>
     <span class='ocr_line' id='line_1_19' title="bbox 155 1095 1346 1179; baseline 0.027 -43"><span class='ocrx_word' id='word_1_115' title='bbox 155 1095 443 1155; x_wconf 83' lang='grc' dir='ltr'>ἐντυγχάνοντι.</span> <span class='ocrx_word' id='word_1_116' title='bbox 506 1104 539 1146; x_wconf 79' lang='grc' dir='ltr'>εἰ</span> <span class='ocrx_word' id='word_1_117' title='bbox 580 1111 706 1151; x_wconf 79' lang='grc' dir='ltr'>τοίνυν</span> <span class='ocrx_word' id='word_1_118' title='bbox 749 1111 996 1171; x_wconf 66' lang='grc' dir='ltr'>ἀσυμφωνος</span> <span class='ocrx_word' id='word_1_119' title='bbox 1037 1117 1222 1179; x_wconf 74' lang='grc' dir='ltr'>ὑπάρχει,</span> <span class='ocrx_word' id='word_1_120' title='bbox 1268 1125 1346 1168; x_wconf 80' lang='grc' dir='ltr'>αλλ</span> 
     </span>
    </p>

    <p class='ocr_par' dir='ltr' id='par_1_8' title="bbox 81 1170 1591 2073">
     <span class='ocr_line' id='line_1_20' title="bbox 103 1170 886 1233; baseline 0.026 -30"><span class='ocrx_word' id='word_1_121' title='bbox 103 1186 132 1211; x_wconf 83' lang='lat'>15</span> <span class='ocrx_word' id='word_1_122' title='bbox 152 1171 224 1221; x_wconf 82' lang='grc' dir='ltr'>τῆς</span> <span class='ocrx_word' id='word_1_123' title='bbox 254 1170 490 1227; x_wconf 77' lang='grc' dir='ltr'>καθολικῆς</span> <span class='ocrx_word' id='word_1_124' title='bbox 522 1173 758 1233; x_wconf 78' lang='grc' dir='ltr'>ἐκκλησίας,</span> <span class='ocrx_word' id='word_1_125' title='bbox 793 1214 800 1221; x_wconf 95' lang='grc'><strong>.</strong></span> <span class='ocrx_word' id='word_1_126' title='bbox 835 1215 842 1222; x_wconf 94' lang='grc'><strong>.</strong></span> <span class='ocrx_word' id='word_1_127' title='bbox 879 1216 886 1223; x_wconf 92' lang='grc'><em>.</em></span> 
     </span>
     <span class='ocr_line' id='line_1_21' title="bbox 265 1234 1591 1323; baseline 0.029 -48"><span class='ocrx_word' id='word_1_128' title='bbox 265 1234 365 1277; x_wconf 80' lang='grc' dir='ltr'>Εἶτα</span> <span class='ocrx_word' id='word_1_129' title='bbox 402 1241 521 1282; x_wconf 83' lang='grc' dir='ltr'>πάλιν</span> <span class='ocrx_word' id='word_1_130' title='bbox 553 1247 652 1299; x_wconf 76' lang='grc' dir='ltr'>φησὶ</span> <span class='ocrx_word' id='word_1_131' title='bbox 684 1250 728 1288; x_wconf 76' lang='grc' dir='ltr'>τὸ</span> <span class='ocrx_word' id='word_1_132' title='bbox 760 1248 929 1293; x_wconf 79' lang='grc' dir='ltr'>ἐλεεινὸν</span> <span class='ocrx_word' id='word_1_133' title='bbox 962 1253 1247 1314; x_wconf 80' lang='grc' dir='ltr'>ἀνθρωπάριον</span> <span class='ocrx_word' id='word_1_134' title='bbox 1278 1262 1500 1323; x_wconf 79' lang='grc' dir='ltr'>Μοντανός,</span> <span class='ocrx_word' id='word_1_135' title='bbox 1532 1271 1591 1313; x_wconf 72' lang='grc' dir='ltr'>ὅτι</span> 
     </span>
     <span class='ocr_line' id='line_1_22' title="bbox 150 1300 1586 1390; baseline 0.028 -49"><span class='ocrx_word' id='word_1_136' title='bbox 150 1300 270 1344; x_wconf 81' lang='grc' dir='ltr'>οὔτε</span> <span class='ocrx_word' id='word_1_137' title='bbox 312 1305 542 1359; x_wconf 76' lang='grc' dir='ltr'>ἄγγελος</span> <span class='ocrx_word' id='word_1_138' title='bbox 586 1312 702 1355; x_wconf 67' lang='grc' dir='ltr'>οὔτε</span> <span class='ocrx_word' id='word_1_139' title='bbox 746 1322 1004 1373; x_wconf 82' lang='grc' dir='ltr'>πρέσβυς,</span> <span class='ocrx_word' id='word_1_140' title='bbox 1049 1323 1163 1367; x_wconf 72' lang='grc' dir='ltr'>ἀλλ’</span> <span class='ocrx_word' id='word_1_141' title='bbox 1207 1328 1303 1383; x_wconf 77' lang='grc' dir='ltr'>ἐγὼ</span> <span class='ocrx_word' id='word_1_142' title='bbox 1344 1336 1529 1390; x_wconf 75' lang='grc' dir='ltr'>κί’)’ριος</span> <span class='ocrx_word' id='word_1_143' title='bbox 1566 1340 1586 1381; x_wconf 88' lang='lat'>6</span> 
     </span>
     <span class='ocr_line' id='line_1_23' title="bbox 148 1371 1586 1456; baseline 0.028 -47"><span class='ocrx_word' id='word_1_144' title='bbox 148 1371 274 1419; x_wconf 86' lang='grc' dir='ltr'>θεὸς</span> <span class='ocrx_word' id='word_1_145' title='bbox 305 1378 476 1432; x_wconf 75' lang='grc' dir='ltr'>πατὴρ</span> <span class='ocrx_word' id='word_1_146' title='bbox 508 1377 690 1434; x_wconf 78' lang='grc' dir='ltr'>ἦλθον.</span> <span class='ocrx_word' id='word_1_147' title='bbox 747 1392 870 1427; x_wconf 84' lang='grc' dir='ltr'>ταῦτα</span> <span class='ocrx_word' id='word_1_148' title='bbox 903 1390 945 1430; x_wconf 84' lang='grc' dir='ltr'>δέ</span> <span class='ocrx_word' id='word_1_149' title='bbox 977 1392 1102 1444; x_wconf 88' lang='grc' dir='ltr'>λέγων</span> <span class='ocrx_word' id='word_1_150' title='bbox 1135 1401 1426 1456; x_wconf 68' lang='grc' dir='ltr'>φωραθήσεται</span> <span class='ocrx_word' id='word_1_151' title='bbox 1460 1405 1586 1448; x_wconf 55' lang='grc' dir='ltr'>ἀλλέ-</span> 
     </span>
     <span class='ocr_line' id='line_1_24' title="bbox 145 1441 1583 1525; baseline 0.027 -47"><span class='ocrx_word' id='word_1_152' title='bbox 145 1453 253 1492; x_wconf 91' lang='grc' dir='ltr'>τριος</span> <span class='ocrx_word' id='word_1_153' title='bbox 280 1441 346 1496; x_wconf 74' lang='grc' dir='ltr'>ὢν,</span> <span class='ocrx_word' id='word_1_154' title='bbox 380 1443 552 1499; x_wconf 83' lang='grc' dir='ltr'>Χριστὸν</span> <span class='ocrx_word' id='word_1_155' title='bbox 575 1452 628 1505; x_wconf 72' lang='grc' dir='ltr'>μὴ</span> <span class='ocrx_word' id='word_1_156' title='bbox 654 1451 841 1509; x_wconf 74' lang='grc' dir='ltr'>δοξάζων,</span> <span class='ocrx_word' id='word_1_157' title='bbox 876 1458 918 1498; x_wconf 75' lang='grc' dir='ltr'>ὃν</span> <span class='ocrx_word' id='word_1_158' title='bbox 941 1467 1018 1501; x_wconf 86' lang='grc' dir='ltr'>πᾶν</span> <span class='ocrx_word' id='word_1_159' title='bbox 1039 1465 1224 1519; x_wconf 83' lang='grc' dir='ltr'>χάρισμα</span> <span class='ocrx_word' id='word_1_160' title='bbox 1246 1466 1583 1525; x_wconf 78' lang='grc' dir='ltr'>ἐκκλησιαστικὸν</span> 
     </span>
     <span class='ocr_line' id='line_1_25' title="bbox 91 1505 1580 1585; baseline 0.026 -39"><span class='ocrx_word' id='word_1_161' title='bbox 91 1528 124 1546; x_wconf 89' lang='lat'>20</span> <span class='ocrx_word' id='word_1_162' title='bbox 143 1505 183 1547; x_wconf 80' lang='grc' dir='ltr'>ἐν</span> <span class='ocrx_word' id='word_1_163' title='bbox 213 1507 414 1567; x_wconf 75' lang='grc' dir='ltr'>ἐκκλησία</span> <span class='ocrx_word' id='word_1_164' title='bbox 445 1521 490 1569; x_wconf 64' lang='grc' dir='ltr'>τῇ,</span> <span class='ocrx_word' id='word_1_165' title='bbox 526 1515 619 1572; x_wconf 73' lang='grc' dir='ltr'>ἁγία</span> <span class='ocrx_word' id='word_1_166' title='bbox 652 1519 773 1562; x_wconf 74' lang='grc' dir='ltr'>δοθὲν</span> <span class='ocrx_word' id='word_1_167' title='bbox 803 1521 844 1563; x_wconf 81' lang='grc' dir='ltr'>ἐν</span> <span class='ocrx_word' id='word_1_168' title='bbox 876 1524 1054 1584; x_wconf 75' lang='grc' dir='ltr'>ἀληθεία</span> <span class='ocrx_word' id='word_1_169' title='bbox 1087 1529 1287 1579; x_wconf 80' lang='grc' dir='ltr'>ἐδόξασεν.</span> <span class='ocrx_word' id='word_1_170' title='bbox 1323 1570 1330 1577; x_wconf 95' lang='grc'><strong>.</strong></span> <span class='ocrx_word' id='word_1_171' title='bbox 1365 1570 1373 1579; x_wconf 90' lang='grc'><strong>.</strong></span> <span class='ocrx_word' id='word_1_172' title='bbox 1415 1554 1457 1580; x_wconf 86' lang='lat'>12</span> <span class='ocrx_word' id='word_1_173' title='bbox 1483 1542 1580 1585; x_wconf 77' lang='grc' dir='ltr'>Εἰσ-</span> 
     </span>
     <span class='ocr_line' id='line_1_26' title="bbox 141 1579 1575 1669; baseline 0.026 -54"><span class='ocrx_word' id='word_1_174' title='bbox 141 1579 255 1628; x_wconf 78' lang='grc' dir='ltr'>αγετε</span> <span class='ocrx_word' id='word_1_175' title='bbox 287 1579 330 1620; x_wconf 84' lang='grc' dir='ltr'>δὲ</span> <span class='ocrx_word' id='word_1_176' title='bbox 361 1579 455 1636; x_wconf 70' lang='grc' dir='ltr'>ἡμῖν</span> <span class='ocrx_word' id='word_1_177' title='bbox 487 1587 607 1626; x_wconf 84' lang='grc' dir='ltr'>πάλιν</span> <span class='ocrx_word' id='word_1_178' title='bbox 638 1592 707 1629; x_wconf 80' lang='grc' dir='ltr'>καί</span> <span class='ocrx_word' id='word_1_179' title='bbox 729 1589 1001 1647; x_wconf 79' lang='grc' dir='ltr'>Μαξίμιλλαν.</span> <span class='ocrx_word' id='word_1_180' title='bbox 1037 1630 1044 1637; x_wconf 94' lang='grc'><strong>.</strong></span> <span class='ocrx_word' id='word_1_181' title='bbox 1122 1634 1130 1641; x_wconf 91' lang='grc'><strong>.</strong></span> <span class='ocrx_word' id='word_1_182' title='bbox 1164 1600 1286 1651; x_wconf 73' lang='grc' dir='ltr'>εὐθὺς</span> <span class='ocrx_word' id='word_1_183' title='bbox 1317 1608 1393 1661; x_wconf 79' lang='grc' dir='ltr'>γὰρ</span> <span class='ocrx_word' id='word_1_184' title='bbox 1426 1607 1523 1667; x_wconf 69' lang='grc' dir='ltr'>αὕτη</span> <span class='ocrx_word' id='word_1_185' title='bbox 1552 1613 1575 1669; x_wconf 68' lang='lat' dir='ltr'>r]</span> 
     </span>
     <span class='ocr_line' id='line_1_27' title="bbox 138 1642 1577 1723; baseline 0.026 -39"><span class='ocrx_word' id='word_1_186' title='bbox 138 1642 378 1702; x_wconf 80' lang='grc' dir='ltr'>Μαξίμιλλα</span> <span class='ocrx_word' id='word_1_187' title='bbox 408 1649 432 1706; x_wconf 77' lang='grc' dir='ltr'>ἡ</span> <span class='ocrx_word' id='word_1_188' title='bbox 466 1656 578 1707; x_wconf 83' lang='grc' dir='ltr'>παρὰ</span> <span class='ocrx_word' id='word_1_189' title='bbox 609 1664 692 1703; x_wconf 81' lang='grc' dir='ltr'>τοῖς</span> <span class='ocrx_word' id='word_1_190' title='bbox 723 1661 919 1708; x_wconf 80' lang='grc' dir='ltr'>τοιουτοις</span> <span class='ocrx_word' id='word_1_191' title='bbox 950 1668 1055 1706; x_wconf 83' lang='grc' dir='ltr'>κατὰ</span> <span class='ocrx_word' id='word_1_192' title='bbox 1088 1666 1258 1723; x_wconf 75' lang='grc' dir='ltr'>Φρυγας</span> <span class='ocrx_word' id='word_1_193' title='bbox 1290 1671 1392 1716; x_wconf 61' lang='grc' dir='ltr'>οὔτω</span> <span class='ocrx_word' id='word_1_194' title='bbox 1423 1681 1577 1722; x_wconf 83' lang='grc' dir='ltr'>καλου-</span> 
     </span>
     <span class='ocr_line' id='line_1_28' title="bbox 137 1709 1572 1805; baseline 0.025 -52"><span class='ocrx_word' id='word_1_195' title='bbox 137 1715 272 1767; x_wconf 83' lang='grc' dir='ltr'>μένοις</span> <span class='ocrx_word' id='word_1_196' title='bbox 312 1709 529 1775; x_wconf 71' lang='grc' dir='ltr'>ἇκουσατε,</span> <span class='ocrx_word' id='word_1_197' title='bbox 577 1722 607 1764; x_wconf 82' lang='grc' dir='ltr'><strong>ὡ</strong></span> <span class='ocrx_word' id='word_1_198' title='bbox 656 1727 796 1774; x_wconf 86' lang='grc' dir='ltr'>παῖδες</span> <span class='ocrx_word' id='word_1_199' title='bbox 840 1729 1027 1785; x_wconf 80' lang='grc' dir='ltr'>Χριστοῦ,</span> <span class='ocrx_word' id='word_1_200' title='bbox 1070 1738 1104 1776; x_wconf 90' lang='grc' dir='ltr'>τί</span> <span class='ocrx_word' id='word_1_201' title='bbox 1144 1738 1273 1790; x_wconf 85' lang='grc' dir='ltr'>λέγει·</span> <span class='ocrx_word' id='word_1_202' title='bbox 1335 1741 1463 1798; x_wconf 79' lang='grc' dir='ltr'>ἐμοῦ</span> <span class='ocrx_word' id='word_1_203' title='bbox 1509 1753 1572 1805; x_wconf 74' lang='grc' dir='ltr'>μὴ</span> 
     </span>
     <span class='ocr_line' id='line_1_29' title="bbox 134 1779 1572 1864; baseline 0.025 -42"><span class='ocrx_word' id='word_1_204' title='bbox 134 1779 428 1842; x_wconf 80' lang='grc' dir='ltr'>ἀκοὸσητε,</span> <span class='ocrx_word' id='word_1_205' title='bbox 462 1788 598 1833; x_wconf 78' lang='grc' dir='ltr'>ἀλλὰ</span> <span class='ocrx_word' id='word_1_206' title='bbox 630 1792 863 1848; x_wconf 79' lang='grc' dir='ltr'>Χριστοῦ</span> <span class='ocrx_word' id='word_1_207' title='bbox 898 1799 1182 1847; x_wconf 79' lang='grc' dir='ltr'>ακοὺσατε.</span> <span class='ocrx_word' id='word_1_208' title='bbox 1226 1812 1296 1850; x_wconf 82' lang='grc' dir='ltr'>καὶ</span> <span class='ocrx_word' id='word_1_209' title='bbox 1318 1809 1357 1851; x_wconf 83' lang='grc' dir='ltr'>ἐν</span> <span class='ocrx_word' id='word_1_210' title='bbox 1381 1812 1440 1860; x_wconf 79' lang='grc' dir='ltr'>οἷς</span> <span class='ocrx_word' id='word_1_211' title='bbox 1461 1815 1572 1864; x_wconf 79' lang='grc' dir='ltr'>ἔδοξε</span> 
     </span>
     <span class='ocr_line' id='line_1_30' title="bbox 81 1848 1572 1937; baseline 0.025 -49"><span class='ocrx_word' id='word_1_212' title='bbox 81 1870 112 1896; x_wconf 86' lang='lat'>²5</span> <span class='ocrx_word' id='word_1_213' title='bbox 133 1848 305 1906; x_wconf 86' lang='grc' dir='ltr'>Χριστὸν</span> <span class='ocrx_word' id='word_1_214' title='bbox 336 1854 515 1904; x_wconf 79' lang='grc' dir='ltr'>δοξάζειν</span> <span class='ocrx_word' id='word_1_215' title='bbox 547 1863 810 1919; x_wconf 77' lang='grc' dir='ltr'>πεπλάνηται.</span> <span class='ocrx_word' id='word_1_216' title='bbox 868 1867 901 1908; x_wconf 81' lang='grc' dir='ltr'>εἰ</span> <span class='ocrx_word' id='word_1_217' title='bbox 931 1871 1007 1924; x_wconf 75' lang='grc' dir='ltr'>γὰρ</span> <span class='ocrx_word' id='word_1_218' title='bbox 1038 1870 1086 1927; x_wconf 71' lang='grc' dir='ltr'>ἦν</span> <span class='ocrx_word' id='word_1_219' title='bbox 1117 1880 1185 1915; x_wconf 82' lang='grc' dir='ltr'>τοῦ</span> <span class='ocrx_word' id='word_1_220' title='bbox 1218 1875 1405 1935; x_wconf 79' lang='grc' dir='ltr'>Χριστοῦ,</span> <span class='ocrx_word' id='word_1_221' title='bbox 1437 1882 1572 1937; x_wconf 83' lang='grc' dir='ltr'>ἔλεγεν</span> 
     </span>
     <span class='ocr_line' id='line_1_31' title="bbox 131 1917 1569 2006; baseline 0.024 -47"><span class='ocrx_word' id='word_1_222' title='bbox 131 1917 179 1959; x_wconf 83' lang='grc' dir='ltr'>ἂν</span> <span class='ocrx_word' id='word_1_223' title='bbox 218 1924 323 1963; x_wconf 88' lang='grc' dir='ltr'>κατὰ</span> <span class='ocrx_word' id='word_1_224' title='bbox 364 1926 457 1972; x_wconf 82' lang='grc' dir='ltr'>τοὺς</span> <span class='ocrx_word' id='word_1_225' title='bbox 498 1925 637 1980; x_wconf 78' lang='grc' dir='ltr'>ἁγίους</span> <span class='ocrx_word' id='word_1_226' title='bbox 674 1930 930 1982; x_wconf 75' lang='grc' dir='ltr'>ἀποστόλους</span> <span class='ocrx_word' id='word_1_227' title='bbox 963 1936 1018 1984; x_wconf 76' lang='grc' dir='ltr'>ὡς</span> <span class='ocrx_word' id='word_1_228' title='bbox 1050 1938 1223 1990; x_wconf 77' lang='grc' dir='ltr'>ἕκαστος</span> <span class='ocrx_word' id='word_1_229' title='bbox 1254 1946 1371 2001; x_wconf 84' lang='grc' dir='ltr'>λέγει,</span> <span class='ocrx_word' id='word_1_230' title='bbox 1416 1948 1569 2006; x_wconf 85' lang='grc' dir='ltr'>Πέτρος</span> 
     </span>
     <span class='ocr_line' id='line_1_32' title="bbox 129 1989 1455 2073; baseline 0.024 -46"><span class='ocrx_word' id='word_1_231' title='bbox 129 1989 200 2041; x_wconf 86' lang='grc' dir='ltr'>μὲν</span> <span class='ocrx_word' id='word_1_232' title='bbox 237 1997 395 2045; x_wconf 85' lang='grc' dir='ltr'>πρῶτος</span> <span class='ocrx_word' id='word_1_233' title='bbox 436 1995 562 2047; x_wconf 86' lang='grc' dir='ltr'>λέγων</span> <span class='ocrx_word' id='word_1_234' title='bbox 604 1996 662 2039; x_wconf 75' lang='grc' dir='ltr'>ὅτι</span> <span class='ocrx_word' id='word_1_235' title='bbox 703 1999 848 2056; x_wconf 51' lang='grc' dir='ltr'>,ἡμεῖς</span> <span class='ocrx_word' id='word_1_236' title='bbox 889 2005 985 2059; x_wconf 67' lang='grc' dir='ltr'>παρ’</span> <span class='ocrx_word' id='word_1_237' title='bbox 1027 2005 1149 2050; x_wconf 80' lang='grc' dir='ltr'>αυτοῦ</span> <span class='ocrx_word' id='word_1_238' title='bbox 1180 2009 1455 2073; x_wconf 67' lang='grc' dir='ltr'>’ὶ,κοὺσαμεν“,</span> 
     </span>
    </p>
   </div>
   <div class='ocr_carea' id='block_1_5' title="bbox 1348 1068 1597 1185">
    <p class='ocr_par' dir='ltr' id='par_1_9' title="bbox 1348 1068 1597 1185">
     <span class='ocr_line' id='line_1_33' title="bbox 1348 1068 1597 1122; baseline 0.032 -21"><span class='ocrx_word' id='word_1_239' title='bbox 1348 1068 1378 1115; x_wconf 82' lang='grc' dir='ltr'>ῷ</span> <span class='ocrx_word' id='word_1_240' title='bbox 1397 1075 1597 1122; x_wconf 83' lang='grc' dir='ltr'>νουνεχῶς</span> 
     </span>
     <span class='ocr_line' id='line_1_34' title="bbox 1351 1132 1594 1185; baseline 0.033 -16"><span class='ocrx_word' id='word_1_241' title='bbox 1351 1132 1482 1185; x_wconf 77' lang='grc' dir='ltr'>ότριός</span> <span class='ocrx_word' id='word_1_242' title='bbox 1513 1133 1594 1177; x_wconf 83' lang='grc' dir='ltr'>ἐστι</span> 
     </span>
    </p>
   </div>
   <div class='ocr_carea' id='block_1_6' title="bbox 55 2035 1567 2684">
    <p class='ocr_par' dir='ltr' id='par_1_10' title="bbox 124 2035 1567 2209">
     <span class='ocr_line' id='line_1_35' title="bbox 1498 2035 1567 2062; baseline 0.014 -1"><span class='ocrx_word' id='word_1_243' title='bbox 1498 2035 1567 2062; x_wconf 88' lang='grc' dir='ltr'>και</span> 
     </span>
     <span class='ocr_line' id='line_1_36' title="bbox 127 2053 1563 2139; baseline 0.024 -44"><span class='ocrx_word' id='word_1_244' title='bbox 127 2053 248 2098; x_wconf 69' lang='grc' dir='ltr'>αὐτοῦ</span> <span class='ocrx_word' id='word_1_245' title='bbox 288 2066 357 2101; x_wconf 87' lang='grc' dir='ltr'>τοῦ</span> <span class='ocrx_word' id='word_1_246' title='bbox 398 2066 539 2118; x_wconf 88' lang='grc' dir='ltr'>κυρίου</span> <span class='ocrx_word' id='word_1_247' title='bbox 581 2067 770 2120; x_wconf 86' lang='grc' dir='ltr'>λέγοντος</span> <span class='ocrx_word' id='word_1_248' title='bbox 811 2087 860 2119; x_wconf 83' lang='grc' dir='ltr'>,,ο</span> <span class='ocrx_word' id='word_1_249' title='bbox 903 2071 1011 2128; x_wconf 69' lang='grc' dir='ltr'>ὑμῶν</span> <span class='ocrx_word' id='word_1_250' title='bbox 1052 2075 1211 2120; x_wconf 76' lang='grc' dir='ltr'>ἀκουων</span> <span class='ocrx_word' id='word_1_251' title='bbox 1252 2080 1351 2137; x_wconf 82' lang='grc' dir='ltr'>ἐμοῦ</span> <span class='ocrx_word' id='word_1_252' title='bbox 1383 2085 1563 2139; x_wconf 80' lang='grc' dir='ltr'>ακούει“,</span> 
     </span>
     <span class='ocr_line' id='line_1_37' title="bbox 124 2126 1561 2209; baseline 0.024 -45"><span class='ocrx_word' id='word_1_253' title='bbox 124 2126 196 2165; x_wconf 82' lang='grc' dir='ltr'>καὶ</span> <span class='ocrx_word' id='word_1_254' title='bbox 225 2132 293 2167; x_wconf 87' lang='grc' dir='ltr'>τοῦ</span> <span class='ocrx_word' id='word_1_255' title='bbox 324 2126 496 2173; x_wconf 79' lang='grc' dir='ltr'>Παύλου</span> <span class='ocrx_word' id='word_1_256' title='bbox 528 2134 716 2186; x_wconf 84' lang='grc' dir='ltr'>λέγοντος</span> <span class='ocrx_word' id='word_1_257' title='bbox 749 2145 946 2196; x_wconf 84' lang='grc' dir='ltr'>,,μιμηταί</span> <span class='ocrx_word' id='word_1_258' title='bbox 980 2158 1056 2198; x_wconf 90' lang='grc' dir='ltr'>μου</span> <span class='ocrx_word' id='word_1_259' title='bbox 1078 2148 1250 2203; x_wconf 81' lang='grc' dir='ltr'>γίνεσθε,</span> <span class='ocrx_word' id='word_1_260' title='bbox 1283 2155 1429 2201; x_wconf 78' lang='grc' dir='ltr'>καθὼς</span> <span class='ocrx_word' id='word_1_261' title='bbox 1449 2156 1561 2209; x_wconf 74' lang='grc' dir='ltr'>κάγὼ</span> 
     </span>
    </p>

    <p class='ocr_par' dir='ltr' id='par_1_11' title="bbox 71 2189 1558 2343">
     <span class='ocr_line' id='line_1_38' title="bbox 71 2189 1558 2279; baseline 0.024 -49"><span class='ocrx_word' id='word_1_262' title='bbox 71 2211 105 2237; x_wconf 76' lang='lat'>³0</span> <span class='ocrx_word' id='word_1_263' title='bbox 124 2189 342 2246; x_wconf 86' lang='grc' dir='ltr'>Χριστοῦ“.</span> <span class='ocrx_word' id='word_1_264' title='bbox 375 2196 476 2255; x_wconf 71' lang='grc' dir='ltr'>αὕτη</span> <span class='ocrx_word' id='word_1_265' title='bbox 502 2200 545 2242; x_wconf 78' lang='grc' dir='ltr'>δὲ</span> <span class='ocrx_word' id='word_1_266' title='bbox 576 2201 773 2259; x_wconf 74' lang='grc' dir='ltr'>αληθεὺει</span> <span class='ocrx_word' id='word_1_267' title='bbox 804 2209 1029 2267; x_wconf 76' lang='grc' dir='ltr'>ψευδομένη</span> <span class='ocrx_word' id='word_1_268' title='bbox 1062 2217 1132 2255; x_wconf 81' lang='grc' dir='ltr'>καὶ</span> <span class='ocrx_word' id='word_1_269' title='bbox 1164 2219 1218 2272; x_wconf 75' lang='grc' dir='ltr'>μὴ</span> <span class='ocrx_word' id='word_1_270' title='bbox 1252 2219 1492 2279; x_wconf 82' lang='grc' dir='ltr'>βουλομένη.</span> <span class='ocrx_word' id='word_1_271' title='bbox 1517 2258 1525 2265; x_wconf 92' lang='grc'><strong>.</strong></span> <span class='ocrx_word' id='word_1_272' title='bbox 1551 2258 1558 2266; x_wconf 94' lang='grc'><em>.</em></span> 
     </span>
     <span class='ocr_line' id='line_1_39' title="bbox 241 2263 1558 2343; baseline 0.024 -39"><span class='ocrx_word' id='word_1_273' title='bbox 241 2276 287 2315; x_wconf 85' lang='lat'>13</span> <span class='ocrx_word' id='word_1_274' title='bbox 312 2263 473 2309; x_wconf 88' lang='grc' dir='ltr'>Φάσκει</span> <span class='ocrx_word' id='word_1_275' title='bbox 505 2270 549 2311; x_wconf 85' lang='grc' dir='ltr'>δὲ</span> <span class='ocrx_word' id='word_1_276' title='bbox 571 2273 692 2313; x_wconf 84' lang='grc' dir='ltr'>πάλιν</span> <span class='ocrx_word' id='word_1_277' title='bbox 713 2273 737 2329; x_wconf 73' lang='grc' dir='ltr'>ἡ</span> <span class='ocrx_word' id='word_1_278' title='bbox 763 2273 861 2332; x_wconf 72' lang='grc' dir='ltr'>αὐτὴ</span> <span class='ocrx_word' id='word_1_279' title='bbox 885 2276 1135 2337; x_wconf 82' lang='grc' dir='ltr'>Μαξίμιλλα,</span> <span class='ocrx_word' id='word_1_280' title='bbox 1158 2283 1181 2340; x_wconf 77' lang='grc' dir='ltr'>ἡ</span> <span class='ocrx_word' id='word_1_281' title='bbox 1206 2292 1278 2341; x_wconf 86' lang='grc' dir='ltr'>τῆς</span> <span class='ocrx_word' id='word_1_282' title='bbox 1294 2293 1558 2343; x_wconf 86' lang='grc' dir='ltr'>παρακολου-</span> 
     </span>
    </p>

    <p class='ocr_par' dir='ltr' id='par_1_12' title="bbox 55 2329 1556 2684">
     <span class='ocr_line' id='line_1_40' title="bbox 117 2329 1556 2409; baseline 0.024 -41"><span class='ocrx_word' id='word_1_283' title='bbox 117 2329 217 2376; x_wconf 88' lang='grc' dir='ltr'>θίας</span> <span class='ocrx_word' id='word_1_284' title='bbox 246 2340 391 2384; x_wconf 85' lang='grc' dir='ltr'>γνῶσις</span> <span class='ocrx_word' id='word_1_285' title='bbox 421 2340 492 2378; x_wconf 85' lang='grc' dir='ltr'>καὶ</span> <span class='ocrx_word' id='word_1_286' title='bbox 528 2338 786 2397; x_wconf 85' lang='grc' dir='ltr'>διδασκαλία,</span> <span class='ocrx_word' id='word_1_287' title='bbox 818 2343 881 2386; x_wconf 77' lang='grc' dir='ltr'>ἵνα</span> <span class='ocrx_word' id='word_1_288' title='bbox 911 2348 1193 2402; x_wconf 78' lang='grc' dir='ltr'>χλευαστικῶς</span> <span class='ocrx_word' id='word_1_289' title='bbox 1225 2353 1335 2409; x_wconf 76' lang='grc' dir='ltr'>εἴπω,</span> <span class='ocrx_word' id='word_1_290' title='bbox 1369 2356 1427 2399; x_wconf 80' lang='grc' dir='ltr'>ὅτι</span> <span class='ocrx_word' id='word_1_291' title='bbox 1457 2359 1556 2402; x_wconf 84' lang='grc' dir='ltr'>ἀπ-</span> 
     </span>
     <span class='ocr_line' id='line_1_41' title="bbox 117 2399 1554 2481; baseline 0.024 -45"><span class='ocrx_word' id='word_1_292' title='bbox 117 2399 326 2443; x_wconf 86' lang='grc' dir='ltr'>έστειλέ</span> <span class='ocrx_word' id='word_1_293' title='bbox 358 2418 416 2459; x_wconf 89' lang='grc' dir='ltr'>με</span> <span class='ocrx_word' id='word_1_294' title='bbox 447 2407 635 2461; x_wconf 83' lang='grc' dir='ltr'>κὺριος</span> <span class='ocrx_word' id='word_1_295' title='bbox 666 2412 853 2453; x_wconf 76' lang='grc' dir='ltr'>τουτου</span> <span class='ocrx_word' id='word_1_296' title='bbox 885 2421 972 2456; x_wconf 83' lang='grc' dir='ltr'>τοῦ</span> <span class='ocrx_word' id='word_1_297' title='bbox 1006 2421 1167 2460; x_wconf 81' lang='grc' dir='ltr'>πόνου</span> <span class='ocrx_word' id='word_1_298' title='bbox 1199 2425 1405 2481; x_wconf 81' lang='grc' dir='ltr'>καὶτῆς</span> <span class='ocrx_word' id='word_1_299' title='bbox 1434 2443 1554 2471; x_wconf 93' lang='grc' dir='ltr'>συν-</span> 
     </span>
     <span class='ocr_line' id='line_1_42' title="bbox 113 2464 1550 2553; baseline 0.023 -47"><span class='ocrx_word' id='word_1_300' title='bbox 113 2464 292 2524; x_wconf 81' lang='grc' dir='ltr'>θήκης</span> <span class='ocrx_word' id='word_1_301' title='bbox 324 2473 412 2513; x_wconf 60' lang='lat' dir='ltr'>:aaz</span> <span class='ocrx_word' id='word_1_302' title='bbox 442 2480 533 2530; x_wconf 83' lang='grc' dir='ltr'>τῆς</span> <span class='ocrx_word' id='word_1_303' title='bbox 564 2475 896 2531; x_wconf 87' lang='grc' dir='ltr'>ἐπαγγελίας</span> <span class='ocrx_word' id='word_1_304' title='bbox 928 2482 1255 2545; x_wconf 77' lang='grc' dir='ltr'>αἱρετιστήν,</span> <span class='ocrx_word' id='word_1_305' title='bbox 1299 2501 1550 2553; x_wconf 81' lang='grc' dir='ltr'>μηνυτήν,</span> 
     </span>
     <span class='ocr_line' id='line_1_43' title="bbox 55 2530 1550 2619; baseline 0.021 -43"><span class='ocrx_word' id='word_1_306' title='bbox 55 2530 464 2595; x_wconf 56' lang='grc' dir='ltr'>’ῶὲρμηνευτήν,</span> <span class='ocrx_word' id='word_1_307' title='bbox 505 2542 942 2603; x_wconf 82' lang='grc' dir='ltr'>ἠναγκασμένον,</span> <span class='ocrx_word' id='word_1_308' title='bbox 978 2555 1209 2598; x_wconf 88' lang='grc' dir='ltr'>θέλοντα</span> <span class='ocrx_word' id='word_1_309' title='bbox 1240 2563 1328 2601; x_wconf 83' lang='grc' dir='ltr'>καὶ</span> <span class='ocrx_word' id='word_1_310' title='bbox 1360 2566 1423 2619; x_wconf 78' lang='grc' dir='ltr'>μὴ</span> <span class='ocrx_word' id='word_1_311' title='bbox 1455 2567 1550 2606; x_wconf 79' lang='grc' dir='ltr'>θέ-</span> 
     </span>
     <span class='ocr_line' id='line_1_44' title="bbox 110 2600 1548 2684; baseline 0.024 -43"><span class='ocrx_word' id='word_1_312' title='bbox 110 2600 292 2660; x_wconf 84' lang='grc' dir='ltr'>λοντα,</span> <span class='ocrx_word' id='word_1_313' title='bbox 344 2610 540 2662; x_wconf 87' lang='grc' dir='ltr'>μαθεῖν</span> <span class='ocrx_word' id='word_1_314' title='bbox 589 2622 780 2665; x_wconf 82' lang='grc' dir='ltr'>γνῶσιν</span> <span class='ocrx_word' id='word_1_315' title='bbox 822 2619 963 2661; x_wconf 82' lang='grc' dir='ltr'>θεοῦ,</span> <span class='ocrx_word' id='word_1_316' title='bbox 998 2653 1006 2661; x_wconf 95' lang='grc'><strong>.</strong></span> <span class='ocrx_word' id='word_1_317' title='bbox 1085 2656 1092 2663; x_wconf 93' lang='grc'><strong>.</strong></span> <span class='ocrx_word' id='word_1_318' title='bbox 1137 2623 1214 2680; x_wconf 82' lang='grc' dir='ltr'>ὅρα</span> <span class='ocrx_word' id='word_1_319' title='bbox 1255 2630 1331 2684; x_wconf 78' lang='grc' dir='ltr'>γὰρ</span> <span class='ocrx_word' id='word_1_320' title='bbox 1372 2629 1548 2675; x_wconf 81' lang='grc' dir='ltr'>ἐνταῦθα</span> 
     </span>
    </p>
   </div>
   <div class='ocr_carea' id='block_1_7' title="bbox 1304 2712 1341 2739">
    <p class='ocr_par' dir='ltr' id='par_1_13' title="bbox 1304 2712 1341 2739">
     <span class='ocr_line' id='line_1_45' title="bbox 1304 2712 1341 2739; baseline 0.027 -13"><span class='ocrx_word' id='word_1_321' title='bbox 1304 2712 1341 2739; x_wconf 68' lang='lat'>2*</span> 
     </span>
    </p>
   </div>
  </div>
 </body>
</html>
