1795 2860
176 254 196 284 4

223 142 245 176 4
503 135 624 157 TEXTE
650 135 722 157 ZUR
747 134 984 158 GESCHICHTE
1009 135 1077 158 DES
1102 135 1378 159 MONTANISMUS

338 243 411 287 III,
440 254 503 291 31.
566 238 652 280 Καὶ
683 238 722 281 ἐν
753 246 806 293 τῷ
838 236 964 280 Γαΐου
997 240 1054 288 δέ,
1087 237 1133 281 οὗ
1167 247 1296 295 μικρῷ
1328 242 1508 294 πρόσθεν
1540 241 1663 296 ἐμνη-

224 312 394 364 σθημεν,
449 308 626 362 διαλόγῳ
667 306 874 363 Πρόκλος,
927 310 1030 363 πρὸς
1071 308 1113 349 ὃν
1159 306 1330 349 ἐποιεῖτο
1372 311 1442 364 τὴν
1489 311 1665 365 ζήτησιν,

223 380 312 432 περὶ
342 383 414 432 τῆς
447 375 657 417 Φιλίππου
698 378 769 417 καὶ
807 383 883 417 τῶν
924 378 1158 431 θυγατέρων
1190 375 1312 417 αὐτοῦ
1352 377 1542 433 τελευτῆς
1573 391 1666 418 συν-

225 447 331 500 ᾴδων
352 452 435 492 τοῖς
458 444 678 486 ἐκτεθεῖσιν
711 443 813 486 οὔτω
845 447 985 501 φησίν·
1019 446 1147 500 ,,μετὰ
1177 450 1313 486 τοῦτον
1346 445 1390 485 δὲ
1422 446 1666 502 προφήτιδες

224 516 419 568 τέσσαρες
457 512 494 554 οἱ
528 512 738 554 Φιλίππου
774 516 1002 568 γεγένηνται
1045 512 1084 554 ἐν
1117 512 1344 567 Ἱεραπόλει
1382 520 1430 568 τῇ
1461 516 1567 555 κατὰ
1596 516 1667 569 τὴν

227 582 396 623 Ἀσίαν·
435 581 454 622 ὁ
496 585 626 638 τάφος
659 579 786 622 αὐτῶν
818 580 922 622 ἐστιν
954 580 1037 622 ἐκεῖ
1057 583 1128 623 καὶ
1159 580 1179 622 ὁ
1211 587 1280 622 τοῦ
1311 585 1463 637 πατρὸς
1495 580 1666 626 αὐτῶνῧ.

340 654 411 699 VI,
438 664 500 693 20,
547 649 654 706 ἦλθε
687 651 730 690 δὲ
762 647 819 696 εἷς
849 648 962 705 ἡμᾶς
993 652 1063 690 καὶ
1084 647 1210 690 Γαΐου
1242 651 1489 703 λογιωτάτου
1522 649 1668 705 ἀνδρὸς

231 720 435 772 διάλογος,
482 718 547 760 ἐπὶ
594 717 760 774 Ῥώμης
806 720 911 759 κατὰ
957 717 1172 775 Ζεφυρῐνον
1218 721 1320 773 πρὸς
1360 717 1551 774 Πρόκλον
1597 726 1670 774 τῆς

231 791 335 830 κατὰ
367 787 538 843 Φρυγας
571 785 766 842 αἱρέσεως
797 786 1111 843 ὑπερμαχοῦντα
1150 791 1426 843 κεκινημένος,
1460 786 1500 829 ἐν
1531 786 1563 842 ᾧ
1594 794 1670 829 τῶν

228 857 278 898 δι’
310 858 491 904 ἐναντίας
523 859 592 911 τὴν
624 858 713 911 περὶ
743 858 786 897 τὸ
820 859 1040 897 συντάττειν
1062 858 1206 903 καινὰς
1236 858 1399 913 γραφὰς
1430 859 1669 911 προπέτειόιν

224 941 265 967 τε
295 928 366 967 καὶ
387 927 540 981 τολμᾶν
564 924 828 980 ἐπιστομίζων
860 931 935 966 τῶν
956 930 1024 965 τοῦ
1058 923 1164 978 ἱεροῦ
1198 923 1430 966 ἀποστόλου
1453 925 1670 979 δεκατριῶν

226 998 346 1049 μόνον
378 993 599 1035 ἐπιστολῶν
632 995 880 1050 μνημονευει,
912 996 981 1049 τὴν
1013 997 1115 1048 πρὸς
1147 992 1364 1049 Ἑβραίους
1396 996 1451 1050 μὴ
1475 995 1672 1048 συναριθ-

227 1067 364 1119 μησας
395 1070 482 1110 ταῖς
513 1064 690 1109 λοιπαῖς.

341 1135 389 1180 V,
425 1146 459 1182 3.
522 1130 611 1172 Τῶν
644 1131 680 1171 δ>
713 1130 816 1188 ἀμφὶ
857 1134 922 1172 τὸν
954 1130 1163 1172 Μοντανὸν
1198 1133 1269 1173 καὶ
1301 1130 1571 1188 Ἀλκιβιάδην
1602 1134 1673 1172 καὶ

230 1200 428 1242 Θεόδοτον
470 1203 561 1256 περὶ
600 1202 670 1256 την
714 1198 898 1255 Φρυγίαν
939 1199 1028 1255 ἄρτι
1067 1203 1154 1241 τότε
1195 1207 1350 1255 πρῶτον
1382 1202 1451 1255 τὴν
1483 1202 1672 1255 περὶτοῦ
1711 1214 1724 1238 5

228 1272 493 1327 προφητευειν
536 1269 736 1325 υπόληψιν
777 1272 890 1324 παρὰ
935 1269 1107 1316 πολλοῖς
1150 1267 1674 1326 ἐκφερομένων.(πλεῖσται

227 1341 304 1394 γὰρ
338 1336 406 1380 οὖν
438 1340 509 1379 καὶ
540 1337 667 1379 ἄλλαι
698 1338 1039 1393 παραδοξοποιίαι
1070 1343 1138 1379 τοῦ
1169 1339 1286 1379 θείου
1327 1340 1585 1394 χαρίσματος
1617 1336 1674 1385 εἷς

228 1407 285 1448 ἔτι
315 1411 402 1448 τότε
434 1409 540 1449 κατὰ
573 1407 797 1463 διαφόρους
832 1406 1058 1463 ἐκκλησίας
1088 1405 1375 1462 ἐκτελουμεναι
1404 1409 1531 1448 πίστιν
1563 1409 1676 1461 παρὰ

230 1478 402 1523 πολλοῖς
443 1482 511 1517 τοῦ
565 1475 780 1522 κάκείνους
821 1476 1087 1532 προφητεύειν
1126 1475 1340 1532 παρεῖχον)
1383 1478 1454 1517 καὶ
1494 1475 1543 1531 δὴ
1585 1476 1675 1516 δια-

231 1548 383 1602 φωνίας
425 1543 695 1600 ὑπαρχούσης
735 1546 826 1599 περὶ
865 1551 941 1585 τῶν
983 1544 1286 1600 δεδηλωμένων,
1328 1541 1451 1590 αὖθις
1493 1542 1531 1585 οἱ
1570 1546 1676 1586 κατὰ

230 1617 300 1670 τὴν
331 1613 513 1655 Γαλλίαν
546 1612 718 1670 ἀδελφοὶ
749 1615 818 1668 τὴν
850 1612 954 1654 ἰδίαν
985 1615 1115 1668 κρίσιν
1136 1615 1206 1654 καὶ
1227 1615 1318 1668 περὶ
1343 1600 1489 1655 τουτων
1521 1610 1675 1669 εὐλαβῆ

230 1684 300 1724 καὶ
353 1681 677 1738 ὀρθοδοξοτάτην
729 1680 1028 1730 ὑποτάττουσιν,
1080 1682 1295 1737 ἐκθέμενοι
1344 1684 1415 1723 καὶ
1459 1689 1534 1724 τῶν
1579 1681 1676 1737 παρ’

233 1749 367 1799 αὐτοῖς
408 1753 700 1793 τελειωθέντων
744 1752 954 1806 μαρτυρων
997 1751 1220 1808 διαφόρους
1259 1750 1501 1800 ἐπιστολάς,
1545 1751 1594 1798 ἃς
1636 1750 1677 1793 ἐν

233 1821 398 1876 δεσμοῖς
430 1821 486 1862 ἐ’τι
518 1818 772 1876 ὑπάρχοντες
801 1827 885 1867 τοῖς
916 1819 979 1861 ἐπ’
1002 1819 1152 1867 >Ασίας
1173 1825 1243 1861 καί
1265 1818 1452 1874 Φρυγίας
1483 1819 1678 1877 ἀδελφοῖς

233 1889 493 1946 διεχάραξαν,
527 1887 574 1931 οὒ
605 1892 690 1945 μὴν
722 1888 832 1930 ἀλλὰ
868 1891 939 1930 καὶ
970 1888 1205 1944 Ἐλευθέρῳ
1248 1896 1301 1944 τῷ
1344 1892 1431 1930 τότε
1465 1888 1678 1945 Ῥωμαίων
1701 1901 1712 1917 ²

233 1958 457 2012 έπισκόπῳ,
489 1964 561 2014 τῆς
596 1965 670 1999 τῶν
703 1957 931 2013 ἐκκλησιῶν
963 1956 1125 2014 εἰρήνης
1156 1957 1277 1999 ἕνεκα
1307 1959 1606 2013 πρεσβεὺοντες.

348 2030 395 2074 V,
435 2028 493 2066 16.
567 2025 681 2082 Πρὸς
728 2029 798 2082 μὲν
855 2024 922 2068 οὖν
968 2029 1038 2082 τὴν
1086 2028 1305 2082 λεγομένην
1351 2028 1457 2067 κατὰ
1507 2025 1680 2082 Φρὺγας

235 2095 385 2151 αἵρεσιν
417 2095 543 2136 ὅπλον
575 2094 743 2151 ἰσχυρὸν
774 2097 844 2136 καὶ
876 2093 1200 2148 ἀκαταγωνιστον
1222 2094 1287 2136 ἐπὶ
1317 2102 1388 2151 τῆς
1410 2094 1680 2150 Ἱεραπόλεως

235 2168 300 2206 τὸν
332 2163 636 2220 Ἀπολινάριον,
669 2162 716 2205 οὔ
747 2166 817 2204 καὶ
848 2166 1029 2219 πρόσθεν
1062 2168 1221 2220 μνήμην
1253 2163 1273 2204 ὁ
1307 2165 1430 2217 λόγος
1470 2167 1679 2221 πεποίητο,

237 2232 392 2280 ἄλλους
422 2249 462 2274 τε
495 2234 566 2274 σὺν
598 2230 705 2287 αὐτῷ
738 2234 902 2280 πλείους
937 2239 1013 2274 τῶν
1053 2232 1241 2288 τηνικάδε
1282 2234 1427 2285 λογίων
1468 2232 1623 2289 ἀνδρῶν
1653 2232 1677 2289 η
1702 2243 1712 2268 f

236 2309 308 2358 τῆς
349 2301 555 2358 ἀληθείας
597 2299 838 2357 ὃπέρμαχος
884 2301 1022 2358 ἀνίστη
1066 2302 1256 2357 δυναμις,
1302 2300 1342 2349 ἐξ
1382 2301 1436 2344 ὧν
1475 2304 1547 2343 καὶ
1585 2301 1681 2359 ἡμῖν

238 2370 416 2427 ἱστορίας
468 2372 635 2427 πλείστη
689 2386 747 2418 τις
804 2368 1001 2417 ὑπόθεσις
1052 2372 1386 2424 καταλέλειπται..
1449 2370 1681 2428 ἀρχόμενος

237 2446 331 2493 γοῦν
370 2447 442 2496 τῆς
483 2440 573 2482 κατ’
606 2438 735 2482 αὐτῶν
778 2447 940 2497 γραφῆς
980 2447 1055 2481 τῶν
1096 2438 1314 2496 εἰρημένων
1355 2440 1404 2496 δή
1436 2454 1495 2487 τις
1525 2447 1681 2495 πρῶτον

239 2507 556 2564 ἐπισημαίνεται,
602 2508 657 2556 ὡς
703 2511 773 2550 καὶ
814 2508 1016 2566 ἀγράφοις
1055 2515 1138 2556 τοῖς
1181 2507 1271 2550 κατ’
1304 2505 1432 2550 αὐτῶν
1469 2507 1682 2556 ἐπεξέλθοι

1643 2600 1664 2618 K

359 2667 395 2698 14
421 2656 673 2705 )Αλκιβιάδην;
701 2657 897 2706 Μιλτιάδην
909 2658 935 2697 ἱ),
962 2659 1025 2701 vgl.
1041 2660 1086 2697 V,
1106 2659 1156 2697 16,
1183 2668 1200 2700 3
1276 2667 1317 2700 34
1341 2656 1416 2691 κατ’
1442 2656 1544 2692 αὐτὸν

1693 872 1722 888 10

1697 1557 1728 1573 20
