1795 2860
157 2246 197 2268 10

217 127 240 152 ()
496 119 618 142 ΤΕΧΤΕ
644 119 715 142 ZUR
741 119 979 142 GESCHICHTE
1004 119 1071 142 DES
1098 118 1374 142 MONTANISMUS

216 228 286 267 καὶ
316 228 589 281 παρεκστάσει
618 227 830 280 γενόμενον
863 223 1078 265 ἐνθουσιᾶν
1111 222 1318 278 ἄρξασθαί
1347 239 1388 265 τε
1419 224 1557 265 λαλεῖν
1586 225 1659 265 καί

216 295 468 351 ξενοφωνεῖν,
514 295 629 348 παρὰ
673 296 718 334 τὸ
763 295 869 334 κατὰ
914 291 1140 348 παράδοσιν
1186 293 1257 333 καὶ
1306 294 1413 333 κατὰ
1459 291 1657 348 διαδοχὴν

220 362 377 404 ἄνωθεν
417 369 489 418 τῆς
530 361 756 417 ἐκκλησίας
797 361 897 408 ἐ’θος
939 361 1065 417 δῆθεν
1107 361 1425 416 προφητεῦοντα.
1496 367 1572 403 τῶν
1614 361 1658 401 δὲ

216 431 306 473 κατ’
339 429 467 473 ἐκεῖνο
499 436 644 485 καιροῦ
676 429 716 472 ἐν
747 437 794 485 τῇ
826 437 902 471 τῶν
943 431 1078 471 νόθων
1120 428 1422 485 ἐκφωνημάτων
1460 427 1659 484 ἀκροάσει

215 502 437 555 γενομένων
469 497 507 540 οἱ
539 502 609 554 μέν
641 497 696 546 ὡς
730 497 795 540 ἐπὶ
825 499 1096 554 ἐνεργουμένῳ
1138 499 1209 540 καὶ
1240 498 1477 553 δαιμονῶντι
1516 499 1586 538 καὶ
1618 496 1657 539 ἐν

219 569 374 625 πλάνης
425 569 617 624 πνευματι
667 564 890 624 ὑπάρχοντι
939 569 1011 609 καὶ
1068 568 1162 614 τοὺς
1224 564 1386 623 ὄχλους
1429 569 1661 621 ταράττοντι

217 636 448 693 ἀχθόμενοι
478 635 672 692 ἐπετίμων
703 638 775 677 καὶ
805 637 943 677 λαλεῖν
976 635 1168 684 ἐκώλυον,
1211 638 1459 691 μεμνημένοι
1488 641 1560 690 τῆς
1590 641 1659 676 τοῦ

216 708 357 761 κυρίου
390 706 612 760 διαστολῆς
653 721 693 746 τε
729 707 800 746 καὶ
842 703 1015 760 ἀπειλῆς
1056 706 1159 758 πρὸς
1195 705 1239 745 τὸ
1282 704 1561 760 φυλάττεσθαι
1590 705 1660 759 τὴν

217 782 292 816 τῶν
324 775 669 830 ψευδοπροφητῶν
701 773 979 830 ἐγρηγορότως
1016 775 1265 828 παρουσίαν·
1309 771 1346 814 οἱ
1387 772 1431 813 δὲ
1472 770 1529 819 ὡς
1560 771 1660 826 ἁγίῳ

220 845 416 899 πνευματι
459 845 529 884 καὶ
579 849 817 899 προφητικῷ
867 845 1093 898 χαρίσματι
1143 840 1403 897 ἐπαιρόμενοι
1457 843 1528 883 καὶ
1579 839 1659 896 οὐχ

215 912 367 969 ἥκιστα
388 913 671 968 χαυνουμενοι,
703 914 774 952 καὶ
795 918 867 967 τῆς
890 911 1111 967 διαστολῆς
1131 916 1201 952 τοῦ
1222 912 1364 964 κυρίου
1387 908 1661 951 ἐπιλανθανό-

218 996 343 1037 μενοι,
375 984 419 1022 τὸ
452 981 681 1036 βλαψίφρον
712 982 784 1022 καὶ
813 978 1124 1035 ὑποκοριστικόν
1145 981 1217 1021 καὶ
1238 979 1473 1020 λαοπλάνον
1505 984 1661 1034 πνεῦμα

220 1051 536 1105 προυκαλοῦντο,
570 1050 812 1105 θελγόμενοι
843 1051 913 1090 καὶ
954 1050 1210 1104 πλανώμενοι
1250 1045 1317 1089 ὑπ’
1349 1044 1485 1096 αὐτοῦ,
1527 1045 1585 1093 εἰς
1615 1048 1658 1087 τὸ

221 1122 364 1175 μηκέτι
404 1119 643 1159 κωλυέσθαι
684 1125 852 1159 σιωπᾶν.
914 1121 1036 1174 τέχνῃ
1080 1117 1124 1158 δέ
1164 1131 1249 1166 τινι,
1293 1117 1452 1171 μᾶλλον
1492 1115 1536 1156 δὲ
1576 1131 1659 1157 τοι-

221 1189 321 1242 αυτῃ
355 1188 521 1242 μεθόδῳ
562 1189 835 1242 κακοτεχνίας
868 1185 889 1227 ὁ
922 1186 1116 1240 διάβολος
1156 1188 1226 1242 τὴν
1262 1188 1370 1226 κατὰ
1409 1192 1484 1226 τῶν
1525 1199 1661 1239 παρη-

221 1260 327 1298 κόων
374 1255 579 1297 ἀπώλειαν
621 1259 969 1312 μηχανησάμενος
1017 1257 1088 1297 καὶ
1129 1254 1225 1310 παρ’
1269 1253 1381 1302 ἀξίαν
1422 1251 1489 1299 ὑπ’
1530 1251 1660 1295 αὐτῶν

221 1328 444 1380 τιμώμενος
476 1322 729 1381 ὧπεξήγειρέν
760 1340 800 1365 τε
832 1326 902 1365 καὶ
933 1323 1257 1380 προσεξέκαυσεν
1295 1321 1424 1365 αὐτῶν
1455 1324 1526 1379 τὴν
1556 1321 1662 1364 ἀπο-

221 1397 522 1449 κεκοιμημένην
564 1392 644 1434 ἀπὸ
686 1400 758 1449 τῆς
795 1392 885 1435 κατ’
919 1392 1122 1449 ἀλήθειαν
1164 1395 1335 1439 πίστεως
1376 1393 1568 1439 διάνοιαν,
1606 1389 1662 1437 ὡς

222 1464 292 1503 καὶ
323 1461 464 1517 ἐτέρας
494 1464 604 1509 τινὰς
637 1463 707 1504 δυο
739 1468 936 1515 γυναῖκας
967 1461 1170 1517 ἐπεγεῖραι
1199 1463 1271 1502 καὶ
1296 1466 1364 1502 τοῦ
1387 1462 1513 1502 νόθου
1543 1460 1663 1501 πνευ-

221 1546 348 1585 ματος
378 1533 608 1587 πληρῶσαι,
642 1530 697 1578 ὡς
729 1534 799 1572 καὶ
830 1533 968 1573 λαλεῖν
1009 1530 1218 1588 ἐκφρόνως
1257 1532 1328 1572 καὶ
1370 1529 1552 1585 ἀκαίρως
1592 1531 1662 1569 καὶ

222 1599 587 1655 ἀλλοτριοτρόπως,
621 1599 772 1654 ὁμοίως
803 1607 856 1654 τῷ
888 1603 1191 1655 προειρημένῳ·
1224 1601 1295 1640 καὶ
1329 1600 1423 1645 τοὺς
1450 1591 1533 1654 ’μὲν
1563 1601 1662 1655 χαί-

221 1683 365 1724 ροντας
406 1671 476 1710 καὶ
514 1672 820 1725 χαυνουμένους
851 1668 915 1710 ἐπ’
948 1666 1055 1723 αὐτῷ
1098 1670 1394 1724 μακαρίζοντος
1433 1673 1502 1708 τοῦ
1544 1668 1662 1709 πνευ-

221 1752 350 1793 ματος
381 1740 452 1779 καὶ
483 1739 549 1778 διά
579 1744 648 1779 τοῦ
683 1739 884 1793 μεγέθους
916 1744 992 1778 τῶν
1022 1736 1340 1792 ἐπαγγελμάτων
1361 1737 1662 1793 ἐκφυσιοῦντος,

222 1806 314 1848 ἔσθ’
346 1806 426 1862 ὅπη
460 1808 504 1847 δὲ
534 1808 605 1848 καὶ
635 1809 948 1862 κατακρίνοντος
989 1812 1271 1862 στοχαστικῶς
1313 1807 1383 1847 καὶ
1424 1804 1663 1852 ἀξιοπίστως

222 1873 368 1922 αότοὺς
410 1875 608 1930 ἄντικρυς,
651 1874 717 1917 ἰ’να
755 1878 827 1917 καὶ
868 1875 1099 1928 ἐλεγκτικὸν
1146 1873 1246 1916 εἶναι
1287 1874 1389 1930 δοκῇ
1437 1872 1586 1926 (ὀλίγοι
1627 1873 1662 1913 δ’

221 1943 325 1999 ἦσαν
358 1942 467 1985 οὗτοι
497 1950 573 1984 τῶν
606 1942 780 1998 Φρυγῶν
811 1942 1138 2000 ἐξηπατημένοι),
1179 1945 1250 1999 τὴν
1292 1943 1336 1983 δὲ
1370 1944 1561 1984 καθόλου
1592 1944 1663 1983 καὶ

221 2020 356 2054 πᾶσαν
387 2015 457 2068 τὴν
489 2010 566 2054 ὑπὸ
598 2015 664 2054 τὸν
696 2010 868 2068 οὐρανὸν
901 2011 1122 2068 ἐκκλησίαν
1158 2013 1416 2068 βλασφημεῖν
1447 2011 1663 2052 διδάσκον-

221 2096 288 2128 τος
334 2088 402 2122 τοῖ)
450 2081 815 2137 ἀπηυθαδισμένου
862 2082 1102 2137 πνευματος,
1148 2079 1208 2122 ὅτι
1254 2084 1352 2136 μήτε
1397 2082 1514 2136 τιμὴν
1565 2083 1663 2136 μήτε

221 2150 401 2205 πάροδον
443 2149 500 2197 εἰς
547 2148 670 2206 αὐτὴν
719 2153 763 2192 τὸ
815 2150 1196 2207 ψευδοπροφητικὸν
1242 2148 1447 2205 ἐλάμβανε
1494 2154 1663 2204 πνεῦμα.

221 2226 296 2261 τῶν
329 2221 405 2274 γὰρ
437 2221 544 2260 κατὰ
574 2221 644 2275 τὴν
669 2218 817 2261 Ἀσίαν
848 2227 995 2261 πιστῶν
1026 2220 1231 2266 πολλάκις
1262 2220 1332 2259 καὶ
1362 2215 1559 2274 πολλαχῆ
1591 2225 1663 2273 τῆς

223 2287 372 2335 Ἀσίας
404 2286 461 2335 εὶς
491 2294 606 2330 τοῦτο
641 2289 917 2330 συνελθόντων
959 2291 1030 2329 καὶ
1075 2289 1168 2335 τοὺς
1209 2290 1472 2344 προσφάτους
1515 2287 1664 2340 λόγους

222 2355 488 2403 ἐξετασάντων
519 2359 590 2398 καὶ
622 2358 823 2413 βεβήλους
856 2357 1146 2413 ἀποφηνάντων
1178 2358 1249 2398 καὶ
1270 2354 1664 2411 ἀποδοκιμασάντων

336 2496 366 2526 8.
387 2504 421 2525 11
441 2496 502 2526 Mt.
520 2503 549 2534 7,
569 2504 605 2536 15
673 2506 711 2537 ¹4
735 2495 940 2529 κωλύεσθαι
966 2500 1022 2535 (<
1035 2496 1108 2537 Syr)
1135 2496 1216 2527 oder
1242 2499 1374 2527 σιωπᾶν
1401 2493 1475 2535 tilgt
1492 2492 1664 2537 Schxyartz

227 2549 263 2582 15
290 2539 457 2584 διάβολος
484 2541 556 2582 tilgt
574 2542 745 2573 Schwartz
812 2551 851 2573 22
869 2541 1127 2587 χαυνουμένους
1147 2553 1152 2572 :
1171 2540 1421 2585 καυχωμένους
1483 2538 1524 2569 26
1549 2538 1664 2570 ebroe:

223 2586 299 2664 {3123
330 2587 439 2665 offitw);
465 2585 560 2631 (ὑπὸ)
587 2587 757 2619 Schwartz
819 2590 893 2628 3o„‘1
923 2592 988 2634 τῆς
1013 2586 1138 2626 Ἀσίας
1164 2587 1288 2626 <Syr
1358 2594 1397 2626 31
1425 2581 1664 2618 τοῦτοτταῦτὸ

291 2644 359 2664 ΧΨξλῖ
376 2645 392 2664 Z

1682 856 1714 874 10

1683 1200 1712 1224 15

1683 1542 1714 1559 20

1684 1890 1716 1915 25

1685 2231 1718 2258 ³0
