1795 2860
182 70 228 102 10
457 71 578 93 TEXTE
605 71 676 93 ZUR
702 71 939 94 GESCHICHTE
964 72 1031 95 DES
1057 72 1332 96 MONTANISMUS

176 179 324 233 μιλλαν
366 177 509 232 ἔχουσι
550 180 785 233 προφήτας;
830 176 910 231 ἆρα
945 177 1120 233 ἤργησεν
1151 176 1176 234 ἡ
1209 174 1354 234 χάρις’;
1397 176 1473 221 οὒκ
1503 178 1618 234 ἀργεῖ

176 251 219 290 δὲ
248 245 273 302 η
305 249 429 302 χάρις
461 245 500 286 ἐν
532 244 666 297 ἁγίαις
699 244 951 301 ἐκκλησίαις,
985 248 1040 301 μὴ
1071 249 1237 298 γένοιτο.
1279 245 1313 287 εἰ
1344 246 1387 288 δὲ
1414 246 1491 294 ἕως
1512 250 1616 295 τινὸς

176 320 480 373 προεφήτευσαν
522 313 559 354 οἱ
599 315 961 370 προφήτεὸσαντες,
1003 316 1074 356 καὶ
1111 311 1243 356 οὖκέτι
1283 317 1616 372 προφητεύουσιν,

176 387 255 441 ἄρα
299 384 386 426 οὔτε
420 383 651 439 Πρίσκιλλα
688 380 777 424 οὔτε
808 381 1047 438 Μαξίμιλλα
1078 387 1384 439 προεφήτευσαν
1416 386 1516 439 μετὰ
1546 387 1618 432 τὰς

175 456 424 511 προφητείας
455 454 527 499 τὰς
559 452 625 492 διὰ
656 459 731 493 τῶν
763 450 884 504 ἁγίων
907 451 1146 493 ἀποστόλων
1169 451 1208 493 ἐν
1229 459 1276 508 τῇ
1299 451 1396 507 ἁγία
1416 452 1617 509 ἐκκλησία

177 525 513 579 δοκιμασθείσας.
565 523 671 562 κατὰ.
703 521 773 561 δυο
807 517 874 561 οὖν
906 523 1080 575 τρόπους
1112 519 1411 577 ἐλεγχθήσεται
1440 520 1466 578 ἡ
1491 519 1620 564 αὐτῶν

176 593 314 634 ἄνοια·
366 591 391 646 ἢ
424 593 500 644 γὰρ
535 590 711 637 δείξωσιν
743 588 842 630 εἶναι
874 593 1087 646 προφήτας
1120 592 1220 646 μετὰ
1252 589 1524 646 Μαξίμιλλαν,
1555 590 1621 632 ἵνα

177 664 231 717 μή
273 660 434 716 ἀργήση
475 658 500 714 ἡ
543 658 640 713 παρ’
673 656 810 705 αὐτοῖς
840 659 1037 714 λεγομένη
1070 662 1206 715 χάρις,
1239 657 1264 714 ἢ
1298 657 1335 700 οἱ
1367 661 1457 715 περὶ
1487 659 1619 706 Μαξί-

178 731 324 785 μιλλαν
347 728 680 784 ψευδοπροφῆται
702 724 1006 783 εὑρεθήσονται,
1036 730 1135 783 μετὰ
1156 730 1221 768 τὸν
1245 726 1338 783 ὅρον
1359 736 1434 770 τῶν
1456 743 1619 786 προφη-

176 806 293 840 τικῶν
334 799 599 853 χαρισμάτων
645 797 919 851 τολμήσαντες
966 794 1040 836 οὐκ
1091 795 1172 837 ἀπὸ
1223 795 1339 849 ἁγίου
1381 798 1618 852 πνευματος,

178 866 269 908 αλλ’
312 865 392 907 ἀπὸ
426 866 582 920 πλάνης
616 865 832 919 δαιμονίων
864 863 1214 921 ἐνθουσιασθηναι
1244 868 1314 907 καὶ
1346 869 1620 923 φαντασιάσαι

176 937 268 982 τοὺς
300 934 526 980 ἀκουοντας
558 931 699 974 αὐτῶν.
755 935 825 974 καὶ
858 929 985 979 οὕτως
1016 932 1056 980 ἐξ
1088 931 1216 975 αὐτῶν
1247 941 1322 976 τῶν
1354 934 1451 990 παρ’
1484 932 1620 982 αὐτοῖς

176 1007 401 1059 λεγομένων
435 1002 455 1044 ὁ
488 1003 661 1058 ἔλεγχος
692 1004 794 1057 πρὸς
827 999 973 1049 αὐτοὺς
1006 1001 1245 1059 ῥηθήσεται.
1309 1006 1457 1059 φάσκει
1486 1006 1563 1059 γὰρ
1594 1003 1619 1059 ἡ

176 1075 372 1127 λεγομένη
411 1071 507 1126 παρ’
540 1069 676 1118 αυτοῖς
708 1070 946 1126 Μαξίμιλλα
977 1087 1002 1127 η
1036 1078 1235 1127 προφῆτις
1268 1070 1326 1113 ὅτι
1358 1075 1457 1128 φησί
1489 1072 1621 1128 ,,μετ’

178 1142 267 1196 ἐμὲ
309 1145 587 1197 προφήτης
620 1137 802 1181 οὐκέτι
833 1140 1003 1189 ἔσται,
1038 1139 1177 1180 ἀλλὰ
1209 1142 1520 1182 συντέλειαι(
1545 1174 1586 1182 ..

179 1208 277 1266 αὕτη
322 1210 364 1249 δὲ
408 1208 492 1250 εἷπε
525 1208 609 1264 μετ’
643 1207 765 1264 αὐτὴν
802 1207 901 1250 εἶναι
933 1210 1173 1258 συντέλειαν,
1217 1211 1287 1251 καὶ
1320 1207 1432 1255 οὔπω
1464 1224 1622 1252 συνετε-

176 1282 323 1335 λέσθη,
366 1280 542 1333 μάλιστα
583 1278 782 1319 τοσοὺτων
824 1279 1024 1331 βασιλέων
1065 1281 1286 1333 γενομένων
1326 1280 1396 1319 καὶ
1431 1279 1623 1320 τὀσοὺτου

179 1351 329 1404 χρόνου
371 1345 708 1402 ὺπερβεβηκότος.
769 1347 836 1401 ’έτη
878 1349 955 1402 γάρ
996 1345 1099 1388 ἐστιν
1135 1347 1270 1388 ἔκτοτε
1302 1348 1428 1388 πλείω
1461 1345 1623 1388 ἐλάσσω

179 1418 370 1458 διακόσια
407 1415 644 1472 ἐνενήκοντα
676 1415 753 1462 ἕως
784 1416 925 1456 τουτου
956 1421 1025 1456 τοῦ
1057 1414 1255 1471 ἡμετέρου
1286 1419 1459 1472 χρόνου,
1498 1416 1623 1456 δωδε-

176 1490 302 1527 κάτου
353 1485 467 1532 ἔτους
514 1483 845 1526 Οὐαλεντινιανοϋ
896 1486 967 1525 καὶ
1011 1483 1239 1532 Οὐάλεντος
1284 1487 1355 1526 καὶ
1400 1484 1431 1526 Γ
1434 1491 1623 1540 ρατιανοῦ

179 1556 402 1608 βασιλείας,
435 1556 506 1594 καὶ
538 1552 649 1594 οὔπω
681 1564 705 1608 η
740 1555 945 1594 συντέλεια
977 1556 1083 1594 κατὰ
1113 1556 1183 1609 τὴν
1211 1552 1624 1610 αὒχήσασαν.ἑαυτὴν

178 1623 422 1679 προφήτιδα,
446 1625 501 1679 μή
525 1628 696 1676 γνοῦσαν
719 1622 823 1678 μηδὲ
844 1625 913 1678 τήν
929 1621 1086 1679 ἡμέραν
1102 1629 1174 1678 τῆς
1193 1621 1318 1679 αὐτῆς
1335 1624 1524 1679 τελευτῆς
1547 1655 1555 1663 .
1580 1654 1588 1663 .
1614 1655 1622 1663 .

180 1691 212 1732 εἰ
244 1694 320 1747 γὰρ
343 1694 452 1744 λέγει
473 1691 713 1748 Μαξίμιλλα
735 1691 794 1733 ὅτι
814 1695 1028 1749 προφήτης
1051 1689 1184 1733 οὐκέτι
1206 1692 1332 1741 ἔσται,
1367 1691 1449 1747 ἄρα
1470 1691 1626 1747 ἀναιρεῖ

179 1764 221 1801 τὸ
258 1760 359 1802 εἶναι
391 1760 487 1816 παρ’
521 1758 658 1808 αὐτοῖς
689 1764 733 1802 τὸ
763 1764 951 1817 χάρισμα
982 1762 1053 1802 καὶ
1084 1759 1141 1808 εἷς
1172 1761 1229 1802 ἔτι
1261 1760 1377 1815 δεῦρο
1411 1762 1622 1818 φέρεσθαι.

180 1829 212 1870 εἰ
244 1831 286 1871 δὲ
318 1830 395 1877 ιἐ’ως
428 1829 553 1886 αὐτῆς
586 1834 693 1886 μένει
714 1833 758 1872 τὸ
780 1833 981 1886 χάρισμα,
1014 1829 1069 1877 ὡς
1091 1836 1295 1884 προεῖπον,
1328 1828 1411 1885 ἄρα
1431 1831 1502 1870 καὶ
1522 1827 1622 1885 αὐτή

180 1898 255 1940 ουκ
287 1899 392 1940 ἔστιν
423 1906 498 1940 τῶν
529 1902 807 1955 χαρισμάτων.

238 1982 272 2019 3.
296 1967 559 2024 Πεπλάνηται
589 1971 688 2023 γάρ·
722 1968 942 2025 ἐσφράγισε
973 1969 1050 2023 γὰρ
1084 1965 1104 2009 ὁ
1137 1968 1276 2021 κυριος
1306 1969 1376 2022 τὴν
1403 1965 1626 2023 ἐκκλησίαν

179 2039 249 2078 καὶ
290 2036 524 2093 ἐπλήρωσεν
566 2035 667 2092 αὐτῇ
708 2039 757 2078 τὰ
797 2039 1050 2093 χαρίσματα.
1112 2035 1175 2078 ὅτε
1216 2038 1293 2091 γὰρ
1334 2035 1382 2093 ἦν
1422 2039 1544 2092 χρεία
1585 2034 1625 2076 ἐν

180 2109 422 2162 προφήταις,
465 2105 504 2147 ἐν
545 2105 731 2161 ἀληθινῷ
773 2107 965 2160 πνευματι
1005 2108 1075 2147 καὶ
1118 2104 1324 2160 ἐρρωμένη
1367 2105 1525 2160 διανοίᾳ
1556 2108 1626 2147 καὶ

180 2176 565 2230 παρακολουθοῦντι
605 2182 658 2229 νῷ
701 2173 738 2215 οἱ
780 2172 893 2215 αὐτοὶ
936 2173 1043 2227 ἅγιοι
1083 2176 1132 2215 τὰ
1174 2178 1303 2214 πάντα
1335 2173 1624 2230 ἐπροφήτευον,

181 2243 485 2298 ἐμπιπλώμενοι
525 2245 751 2299 πνευματος
793 2242 923 2295 ἁγίου,
965 2245 1070 2284 κατὰ
1110 2245 1180 2298 την
1221 2242 1442 2295 ἀναλογίαν
1473 2250 1548 2284 τῶν
1580 2241 1627 2284 ἐκ

179 2314 406 2368 πνευματος
447 2316 713 2369 χαρισμάτων
747 2311 905 2366 ἑκάστῳ
938 2312 1156 2367 διδομένων
1188 2314 1257 2352 καὶ
1287 2313 1394 2352 κατὰ
1424 2314 1494 2367 τὴν
1525 2310 1626 2353 ἀνα-

181 2383 319 2434 λογίαν
351 2389 423 2438 τής
455 2385 628 2429 πίστεως
661 2383 762 2437 πρὸς
793 2383 836 2422 τὸ
869 2384 1087 2438 συμφέρον.
1134 2383 1168 2421 τί
1197 2378 1265 2421 οὖν
1288 2383 1496 2438 συμφέρον
1518 2378 1627 2422 οὗτοι

184 2449 405 2506 εἰρήκασιν,
436 2450 462 2507 ἢ
496 2459 611 2493 ποῖον
633 2449 835 2504 ἀνάλογον
856 2457 928 2506 τῆς
949 2452 1146 2499 πίστεωςς
1179 2457 1264 2496 πῶς
1288 2450 1330 2491 δὲ
1351 2446 1446 2506 οὐχὶ
1468 2450 1625 2505 μᾶλλον

296 2563 312 2585 2
340 2555 425 2600 ἁγίᾳ
462 2554 633 2602 ἐκκλησίᾳ
666 2556 770 2587 Dind.
871 2564 908 2586 12
944 2554 1053 2594 οὕτως
1078 2556 1204 2596 Voigt:
1244 2553 1340 2593 ὅπως
1373 2554 1430 2586 hss
1455 2565 1487 2586 u.
1513 2564 1626 2596 ausgg.

188 2609 221 2641 15
250 2606 423 2648 προφῆτις
449 2602 552 2633 Dind.
644 2611 680 2632 21
710 2599 921 2648 αὐχήσασαν
947 2602 1069 2643 Voigt:
1096 2599 1289 2647 ὴχήσασαν
1314 2600 1373 2632 hss
1397 2612 1432 2632 u.
1457 2610 1570 2641 ausgg.

1644 813 1673 830 10

1612 1156 1674 1182 ‚15

1646 1500 1676 1517 20

1645 1843 1676 1869 25

1646 2188 1678 2214 30
