1811 2876
734 52 974 76 TERTL'LLIAN
1525 59 1544 84 2
1556 59 1576 96 7

135 161 375 199 edacitatem
415 161 597 198 salacitas
638 162 786 198 transit.
845 173 1020 210 agnosco
1061 162 1174 211 igitur
1208 162 1423 199 animalem
1454 162 1578 199 fidem

135 218 270 256 studio
313 219 454 262 carnis,
500 229 580 267 qua
624 224 708 255 tota
754 225 921 262 constat,
966 225 1048 255 tam
1094 219 1414 256 multivorantiae
1454 231 1576 268 quain

135 275 466 312 multinubentiae
507 287 687 324 pronam,
731 282 774 312 ut
804 275 944 312 merito
975 276 1192 325 spiritalem
1223 276 1473 325 disciplinam
1504 288 1577 325 pro

134 333 356 370 substantia
385 332 585 369 aemulam
616 333 657 369 in
678 333 754 369 hac
776 344 940 381 quoque
961 333 1094 382 specie
1115 334 1385 370 continentiae
1406 340 1576 378 accuset,

100 405 115 430 5
135 389 302 438 perinde
331 389 447 438 gulae
477 390 611 426 frenos
641 390 889 426 imbuentem
913 402 983 439 per
1012 390 1138 428 nullas
1164 391 1366 427 interdum
1387 391 1448 427 vel
1470 402 1577 427 seras

134 446 196 484 vel
227 446 357 483 aridas
388 457 510 491 escas,
542 447 888 496 quemadmodum
920 454 958 484 et
985 447 1135 483 libidini
1157 458 1228 496 per
1249 448 1385 484 unicas
1409 448 1576 496 nuptias

134 503 241 553 piget
280 503 360 540 iam
401 515 492 540 cum
534 504 677 541 talibus
717 504 917 554 congredi,
958 504 1082 553 pudet
1124 505 1243 542 etiam
1280 505 1332 541 de
1366 505 1422 542 eis
1459 505 1576 541 alter-

133 560 212 598 cari
254 572 427 610 quorum
468 573 542 598 nec
582 561 765 598 defensio
806 562 1034 599 xerecunda
1075 568 1144 599 est.
1217 562 1426 611 quomodo
1469 562 1575 598 enim

133 624 341 667 protegam
381 618 604 655 castitatem
645 625 684 655 et
714 618 972 655 sobrietatem
1003 619 1090 655 sine
1120 619 1325 656 taxatione
1355 619 1433 655 adv
1438 619 1575 656 ersari-

81 690 115 708 ιο
132 675 277 712 orum?
299 674 463 724 quinam
484 675 546 712 isti
567 676 644 712 sint
665 675 788 713 semel
810 676 1052 712 nominabo:
1075 676 1289 713 exteriores
1311 682 1350 713 et
1370 676 1576 713 interiores

133 732 258 769 botuli
278 731 570 780 psychicorum.
615 733 655 768 hi
671 732 873 781 paracleto
891 733 1203 770 controversiam
1222 733 1371 770 faciunt
1383 747 1390 780 ;
1414 739 1576 782 propter

133 788 211 826 hoc
256 800 386 826 novae
427 789 664 838 prophetiae
709 796 961 836 recusantur;
1008 801 1091 826 non
1137 790 1247 840 quod
1289 790 1409 826 alium
1443 790 1575 827 Deum

132 846 367 895 praedicent
389 845 606 884 Montanus
639 853 678 883 et
699 846 870 884 Priscilla
891 854 930 883 et
951 846 1180 892 Maximilla,
1212 859 1286 884 nec
1308 848 1418 896 quod
1441 847 1574 884 Iesum

133 901 335 940 Christum
376 903 543 948 solvant,
584 915 660 940 nec
699 904 810 952 quod
851 904 1026 953 aliquam
1058 904 1153 941 fidei
1184 910 1252 941 aut
1282 904 1367 953 spei
1398 904 1574 953 regulam

41 959 44 962 ’
80 976 113 1001 15
132 967 324 1003 evertant,
369 960 443 997 sed
488 960 600 1009 quod
645 960 766 1009 plane
811 961 987 997 doceant
1029 961 1189 1010 saepius
1235 961 1410 998 ieiunare
1453 973 1574 1010 quarn

130 1017 294 1054 nubere.
339 1017 393 1053 de
422 1017 547 1053 modo
579 1017 744 1065 quidem
772 1017 954 1054 nubendi
973 1018 1052 1054 iam
1075 1018 1272 1055 edidimus
1294 1018 1575 1067 monogamiae

130 1075 422 1111 defensionem.
466 1086 574 1110 nunc
606 1074 658 1112 de
689 1074 948 1123 castigatione
978 1075 1104 1111 m’ctus
1136 1075 1339 1112 secundae
1365 1075 1427 1112 vel
1451 1076 1574 1124 magis

130 1131 283 1180 primae
322 1131 594 1168 continentiae
634 1143 770 1181 pugna
810 1137 878 1168 est.
939 1139 1108 1181 arguunt
1147 1144 1234 1177 nos,
1275 1133 1384 1181 quod
1428 1133 1575 1170 ieiunia

130 1188 291 1238 propria
330 1188 614 1233 custodiamus,
656 1189 767 1237 quod
797 1188 988 1226 stationes
1019 1188 1256 1238 plerumque
1293 1190 1331 1226 in
1364 1201 1573 1238 vesperam

78 1260 112 1278 20
130 1246 412 1295 producamus,
455 1246 564 1294 quod
606 1246 726 1282 etiam
765 1246 1030 1295 xerophagias
1068 1246 1337 1291 observemus,
1379 1247 1573 1284 siccantes

129 1303 263 1340 cibum
292 1303 345 1339 ab
376 1302 487 1339 omni
511 1314 637 1339 carne
659 1309 698 1339 et
719 1303 830 1339 omni
850 1303 1061 1340 iurulentia
1083 1309 1121 1340 et
1142 1304 1388 1340 uvidioribus
1398 1304 1573 1352 ‘quibus-

130 1371 210 1409 que
254 1359 396 1409 pomis,
439 1371 515 1396 nec
554 1360 651 1408 quid
691 1360 911 1397 vinositatis
952 1360 1013 1397 vel
1056 1360 1223 1397 edamus
1263 1362 1324 1397 vel
1363 1368 1572 1409 potemus;

130 1417 276 1454 lavacri
305 1428 470 1466 quoque
500 1417 795 1462 abstinentiam,
827 1423 1115 1466 congruentem
1145 1418 1258 1454 arido
1285 1418 1412 1454 victui.
1459 1418 1572 1455 novi—

129 1480 255 1512 tatem
284 1474 400 1523 igitur
429 1474 644 1519 obiectant,
676 1475 728 1511 de
759 1475 870 1511 cuius
900 1475 1049 1511 inlicito
1080 1475 1352 1523 praescribant
1382 1481 1451 1512 aut
1476 1475 1572 1512 hae-

78 1545 110 1571 25
130 1532 234 1568 Γαδία
273 1531 532 1568 iudicandam
571 1531 602 1568 si
642 1531 822 1568 humana
864 1532 1139 1581 praesumptio
1180 1538 1249 1576 est,
1292 1539 1360 1569 aut
1396 1532 1572 1580 pseudo-

130 1588 385 1638 prophetiam
415 1588 758 1638 pronuntiandam
789 1589 820 1625 si
851 1589 1034 1637 spiritalis
1064 1589 1230 1626 indictio
1252 1595 1322 1633 est,
1354 1590 1450 1626 dum
1473 1601 1572 1638 qua-

129 1657 210 1695 que
240 1657 290 1683 ex
319 1651 434 1694 parte
463 1645 682 1683 anathema
711 1646 922 1683 audiamus
955 1646 1023 1695 qui
1056 1647 1165 1683 aliter
1195 1647 1490 1683 adnuntiamus.

245 1713 266 1738 2
301 1702 409 1739 Nam
451 1703 563 1751 quod
603 1703 657 1740 ad
696 1703 840 1740 ieiunia
880 1704 1088 1752 pertineat,
1129 1709 1258 1740 certos
1300 1703 1384 1740 dies
1425 1716 1448 1739 a
1480 1703 1572 1740 Deo

129 1759 366 1796 constitutos
407 1766 632 1808 opponunt,
673 1766 718 1796 ut
757 1772 847 1797 cum
883 1761 924 1797 in
955 1760 1132 1798 Levitico
1163 1761 1354 1809 praecipit
1385 1761 1572 1797 dominus

77 1831 114 1858 30
131 1816 265 1865 Moysi
311 1817 510 1854 decimam
555 1817 704 1854 mensis
744 1817 903 1866 septimi
944 1818 1051 1854 diem
1090 1818 1347 1867 placationis,
1392 1817 1572 1862 ,‚Sancta‚

129 1874 324 1923 inquiens,
357 1874 429 1910 erit
459 1874 573 1911 vobis
604 1874 700 1919 dies,
733 1881 772 1911 et
803 1875 997 1911 vexabitis
1017 1875 1171 1912 animas
1193 1881 1351 1919 vestras,
1385 1881 1424 1911 et
1445 1875 1572 1911 omnis

129 1931 275 1976 anima,
315 1943 421 1980 quae
450 1938 596 1968 vexata
624 1943 709 1968 non
739 1932 856 1968 fuerit
886 1932 927 1968 in
957 1932 1021 1968 illa
1053 1932 1128 1977 die,
1162 1932 1489 1968 exterminabitur
1520 1932 1571 1967 de

128 1988 280 2037 populo
311 1991 419 2025 suo“.
464 1995 571 2026 certe
601 1989 641 2025 in
668 1989 875 2038 evangelio
897 1989 982 2026 illos
1005 1989 1089 2026 dies
1110 1989 1266 2026 ieiuniis
1287 1989 1572 2026 determinatos

129 2051 272 2094 putant
291 2045 332 2081 in
353 2045 497 2094 quibus
517 2046 674 2083 ablatus
695 2052 755 2082 est
775 2057 958 2094 sponsus,
986 2052 1024 2083 et
1045 2046 1119 2083 hos
1141 2057 1227 2083 esse
1248 2046 1327 2082 iam
1349 2046 1455 2082 solos
1477 2046 1571 2094 legi-

78 2115 111 2142 3⁵
128 2101 247 2139 timos
267 2101 507 2139 ieiuniorum
529 2102 857 2149 Christianorum,
883 2103 1038 2140 abolitis
1060 2103 1248 2152 legalibus
1271 2109 1310 2139 et
1331 2102 1572 2151 propheticis

129 2159 401 2197 vetustatibus.
461 2160 529 2196 ubi
559 2159 698 2197 volunt
729 2160 847 2205 enim,
884 2160 1136 2209 adgnoscunt
1166 2160 1263 2208 quid
1295 2159 1432 2208 sapiat,
1463 2159 1571 2204 „Lex

129 2222 169 2252 et
198 2216 424 2265 prophetae
453 2228 582 2266 usque
611 2217 665 2254 ad
697 2217 960 2254 Iohannem.“
1021 2217 1163 2265 Itaque
1206 2217 1258 2253 de
1289 2222 1422 2253 cetero
1453 2217 1570 2252 indif-

128 2273 302 2310 ferenter
330 2273 592 2310 ieiunandum
624 2286 674 2310 ex
703 2274 876 2318 arbitrio,
908 2286 991 2310 non
1024 2286 1073 2310 ex
1103 2273 1271 2321 imperio
1303 2285 1433 2310 novae
1453 2273 1570 2310 disci-

128 2329 273 2378 plinae,
293 2341 367 2379 pro
386 2331 634 2380 temporibus
655 2337 695 2368 et
715 2331 843 2368 causis
865 2330 1197 2378 uniuscuiusque;
1230 2331 1284 2367 sic
1307 2337 1346 2367 et
1366 2331 1569 2378 apostolos

78 2403 114 2428 40
130 2386 376 2432 observasse,
415 2387 567 2424 nullum
607 2388 715 2425 aliud
755 2388 1010 2436 imponentes
1051 2387 1184 2435 iugum
1226 2394 1423 2424 certorum
1461 2394 1499 2424 et
1529 2387 1568 2422 in

245 2482 262 2516 5
289 2475 428 2517 perinde
461 2477 634 2507 Wissowa
657 2476 824 2517 :proinde
908 2483 924 2514 7
959 2475 1171 2507 etiamtiam
1258 2476 1329 2514 17f.
1356 2476 1500 2506 secunda
1527 2500 1533 2505 .
1563 2500 1569 2505 .

129 2521 237 2563 prima
308 2529 350 2560 29
374 2521 456 2552 Lev.
474 2520 524 2558 16,
552 2529 594 2562 29
607 2522 647 2552 ff.
667 2529 720 2561 23,
748 2529 786 2559 27
867 2529 910 2561 34
936 2521 1000 2552 Mt.
1015 2529 1047 2561 9,
1078 2528 1114 2561 15
1141 2521 1220 2563 (Mr.
1241 2529 1270 2558 2,
1299 2529 1350 2552 20.
1377 2522 1433 2552 Lc.
1456 2529 1486 2562 5,
1513 2527 1570 2562 35)

130 2565 174 2608 36
197 2566 256 2598 Le.
284 2565 336 2603 16,
361 2567 411 2598 16.
436 2567 501 2598 Mt.
531 2575 582 2605 11,
605 2575 642 2607 13
717 2575 759 2607 40
783 2568 861 2598 Act.
894 2573 943 2607 15,
975 2574 1013 2597 10
