1795 2860
163 126 209 160 14
447 119 569 143 TEXTE
595 119 667 142 ZUR
693 119 929 142 GESCHICHTE
954 119 1022 142 DES
1047 119 1323 143 MONTANISMUS

158 240 274 279 ρατα,
307 223 409 266 ὥστε
432 226 643 281 πλανῆσαι
675 223 708 266 εἰ
740 225 905 266 δυνατὸν
936 227 1008 265 καὶ
1037 225 1129 272 τοὺς
1151 224 1381 272 ἐκλεκτοὺς.
1423 228 1510 267 τότε
1532 225 1602 267 ἐάν

155 309 214 341 τις
255 293 347 349 εἴπῃ
390 291 502 348 ὑμῖν·
564 291 653 334 ἰδοὺ
690 291 768 334 ὡδε
799 291 820 333 ὁ
852 291 1042 348 Χριστός,
1073 291 1099 348 ἢ
1133 290 1223 341 ὧδε,
1256 294 1312 349 μὴ
1344 294 1601 350 πιστεὺσητε·

156 361 244 403 ἰδοὺ
277 362 317 404 ἐν
348 369 395 417 τῇ
428 360 567 417 ἐρήμῳ
602 360 716 412 ἐστίν,
749 364 803 417 μή
837 359 1053 417 ἐξέλθητε·
1105 359 1193 402 ἰδοὺ
1226 359 1266 402 ἐν
1295 367 1379 408 τοῖς
1409 364 1603 418 ταμείοις,

157 434 214 487 μὴ
247 429 501 486 εἰσέλθητείι,
544 435 668 471 ταῦτα
701 431 755 485 μὴ
788 433 942 486 νοήσας
973 428 1140 478 ἐκεῖνος,
1171 429 1305 471 ἐ’πεισε
1326 431 1507 478 πολλοὺς
1528 438 1604 472 τῶν

159 499 345 556 ἀδελφῶν
379 501 478 554 μετὰ
509 506 706 552 γυναικῶν
738 501 807 540 καὶ
837 502 983 540 τέκνων
1014 496 1071 545 εἰς
1103 501 1336 554 συνάντησιν
1367 506 1421 553 τῷ
1442 498 1603 555 Χριστῷ

157 567 335 615 ἐξελθεῖν
367 566 424 615 εἷς
455 570 525 624 τὴν
558 567 725 623 ἔρημον,
759 568 797 608 οἳ
825 570 896 608 καὶ
927 566 1156 608 ἐπλανῶντο
1189 565 1228 608 ἐν
1258 573 1342 614 τοῖς
1373 566 1504 623 ὄρεσιν
1535 570 1606 610 καὶ

158 636 198 678 ἐν
229 644 317 683 ταῖς
350 635 460 683 ὁδοῖς
492 635 579 692 εἰκῆ
614 637 888 692 πλαζόμενοι·
932 634 1033 677 ὥστε
1065 641 1210 691 μικροῦ
1243 635 1322 677 δεῖν
1353 634 1410 683 ὡς
1450 637 1604 691 λῃστὰς

159 703 305 752 αὐτοὺς
347 706 661 761 συλληφθέντας
698 708 852 752 πάντας
884 701 961 746 ὑπὸ
992 710 1061 745 τοῦ
1090 702 1292 761 ἡγεμόνος
1324 703 1604 761 ἀναιρεθῆναι,

159 772 192 814 εἰ
224 776 279 829 μὴ
312 773 453 830 ἐ’τυχεν
484 785 509 828 η
542 775 682 815 τουτου
714 776 810 829 γυνὴ
845 770 949 814 οὖσα
974 777 1108 829 πιστή,
1140 775 1210 814 καὶ
1232 771 1299 814 ὑπ’
1322 770 1447 829 αὐτῆς
1469 788 1604 828 παρα-

158 844 334 898 κληθείς
375 843 605 884 κατέστειλε
647 845 690 882 τὸ
732 849 914 898 πρᾶγμα,
956 840 1020 883 ἵνα
1062 843 1117 897 μὴ
1160 841 1210 882 δι’
1247 839 1393 889 αὖτοὺς
1425 842 1603 898 διωγμὸς

160 918 279 952 πᾶσιν
311 910 551 966 ἐπιγένηται.

280 994 338 1031 19.
358 979 531 1034 ’Έτερος
550 980 592 1021 δέ
613 995 671 1027 τις
689 979 840 1036 ὁμοίως
862 978 902 1021 ἐν
922 987 976 1034 τῷ
994 978 1150 1034 Πόντῳ,
1167 981 1238 1021 καὶ
1259 976 1382 1026 αὐτὸς
1398 982 1604 1035 προεστὼς

157 1048 396 1104 ἐκκλησίας,
429 1046 609 1104 εὐλαβὴς
641 1051 712 1104 μὲν
744 1047 845 1104 ἀνὴρ
877 1051 947 1090 καὶ
977 1051 1267 1105 ταπεινόφρων,
1301 1050 1356 1104 μὴ
1389 1051 1604 1104 προσέχων

158 1118 201 1158 δὲ
234 1116 433 1174 ἀσφαλῶς
464 1124 552 1164 ταῖς
583 1124 774 1174 γραφαῖς,
807 1116 917 1158 ἀλλὰ
943 1124 1026 1164 τοῖς
1048 1115 1249 1172 ὁράμασιν
1271 1115 1332 1163 οἷς
1354 1114 1475 1163 αὐτὸς
1496 1115 1605 1172 ἑώρα

116 1196 130 1209 ⁶
159 1187 318 1241 μᾶλλον
350 1185 562 1227 ἐπίστευεν.
611 1185 810 1242 ἐπιτυχὼν
840 1188 917 1241 γὰρ
949 1185 1014 1242 ἐφ>
1036 1184 1092 1227 ἑνὶ
1111 1187 1183 1226 καὶ
1205 1184 1375 1240 δευτέρῳ
1398 1187 1469 1226 καὶ
1489 1188 1604 1240 τρίτῳ

158 1254 339 1309 ἐνυπνίῳ,
371 1253 519 1309 ἤρξατο
553 1255 695 1295 λοιπὸν
727 1255 937 1309 προλέγειν
967 1261 1050 1301 τοῖς
1072 1252 1268 1309 ἀδελφοῖς
1290 1251 1346 1300 ὡς
1368 1256 1603 1310 προφήτης·

114 1332 126 1343 ”
156 1323 246 1364 τόδε
264 1322 368 1364 εἶδον
389 1325 460 1364 καὶ
476 1323 565 1364 τόδε
584 1324 725 1378 μέλλει
740 1325 938 1376 γίνεσθαι.
966 1325 1038 1365 καὶ
1054 1322 1102 1379 δή
1121 1337 1217 1364 ποτε
1234 1323 1462 1378 πλανηθεὶς
1479 1320 1604 1363 εἶπεν·

154 1394 367 1444 γινώσκετε
399 1390 584 1448 ἀδελφοί,
617 1390 676 1433 ὅτι
708 1393 808 1447 μετὰ
838 1389 1018 1433 ἐνιαυτὸν
1045 1389 1071 1447 ἡ
1094 1393 1226 1446 κρίσις
1247 1391 1388 1446 μέλλει
1408 1392 1604 1443 γίνεσθαι.

110 1484 117 1494 2
158 1459 195 1502 οἱ
218 1461 261 1500 δὲ
283 1459 531 1507 ἀκουσαντες
556 1458 677 1501 αυτοῦ
700 1461 980 1515 προλέγοντος,
1006 1458 1062 1506 ὡς
1085 1457 1143 1500 ὅτι
1165 1458 1401 1514 ,,ἐνέστηκεν
1422 1457 1448 1514 ἡ
1469 1457 1605 1514 ἡμέρα

157 1535 225 1570 τοῦ
256 1532 439 1583 κυρίου“,
468 1531 568 1584 μετὰ
599 1530 824 1584 κλαυθμῶν
855 1531 925 1569 καὶ
957 1527 1142 1583 ὀδυρμῶν
1173 1526 1332 1569 ἐδέοντο
1363 1533 1432 1568 τοῦ
1463 1530 1605 1582 κυρίου

157 1600 299 1645 νυκτὸς
339 1600 409 1639 καὶ
448 1596 607 1653 ἡμέρας
647 1600 725 1652 πρὸ
768 1596 997 1655 ὀφθαλμῶν
1033 1596 1198 1653 ἔχοντες
1229 1598 1299 1652 τὴν
1329 1585 1606 1652 ἐπερχομένην

156 1674 229 1723 τῆς
274 1670 446 1722 κρίσεως
491 1666 660 1723 ἡμέραν.
731 1668 801 1707 καὶ
847 1665 903 1713 εἷς
945 1671 1134 1707 τοσοῦτον
1175 1665 1325 1723 ἤγαγεν
1367 1666 1494 1722 φόβον
1535 1667 1606 1706 καὶ

158 1736 309 1777 δειλίαν
341 1737 434 1782 τοὺς
466 1735 685 1792 ἀδελφοὺς,
718 1734 818 1776 ὥστε
850 1734 971 1776 ἐᾶσαι
1001 1733 1130 1776 αὐτῶν
1161 1736 1234 1781 τὰς
1255 1736 1399 1790 χώρας
1419 1735 1605 1780 καὶτοὺς

158 1804 308 1860 ἀγροὺς
340 1804 518 1861 ἐρήμους
549 1807 598 1845 τά
623 1820 664 1845 τε
685 1807 874 1860 κτήματα
896 1800 1025 1845 αὐτῶν
1047 1801 1085 1844 οἱ
1105 1804 1271 1850 πλείους
1292 1803 1602 1858 κατεπὼλησαν.

159 1872 180 1915 ὁ
203 1874 247 1915 δὲ
278 1874 355 1931 ἐ’φη
389 1870 549 1920 αὐτοῖς·
592 1871 661 1915 ἐὰν
694 1875 749 1929 μὴ
780 1876 942 1928 γένηται
973 1874 1118 1919 καθὼς
1159 1870 1283 1920 εἷπον,
1325 1874 1469 1927 μηκέτι
1500 1872 1604 1927 μηδὲ

156 1949 243 1989 ταῖς
278 1949 457 1999 γραφαῖς
488 1943 738 1997 πιστεὺσητε,
771 1940 882 1982 ἀλλὰ
912 1943 1073 1983 ποιείτω
1105 1940 1280 1987 ἕκαστος
1311 1939 1421 1995 ὑμῶν
1453 1940 1474 1981 ὃ
1507 1940 1603 1994 βου-

114 2022 128 2053 7
157 2012 282 2052 λεται.
344 2018 418 2053 τῶν
461 2010 503 2052 δὲ
546 2010 863 2065 προσδοκώντων
905 2013 975 2065 μὲν
1005 2012 1049 2052 τὸ
1081 2008 1392 2065 ἀποβησόμενον
1412 2010 1504 2050 -καὶ
1534 2014 1603 2049 τοῦ

158 2079 337 2121 ἐνιαυτοῦ
370 2081 673 2135 πληρωθέντος,
707 2079 880 2135 μηδενὸς
913 2078 955 2119 δὲ
988 2077 1041 2120 ὧν
1067 2077 1219 2125 ἐκεῖνος
1251 2078 1386 2130 ἔλεγεν
1422 2078 1604 2133 συμβάν-

156 2164 239 2197 τος,
286 2147 408 2195 αὒτὸς
452 2151 522 2203 μὲν
567 2149 837 2204 κατησχυνθη
881 2146 936 2194 ὡς
977 2150 1245 2203 ψευσάμενος,
1292 2144 1333 2186 αἱ
1365 2146 1409 2187 δὲ
1449 2147 1604 2202 γραφαὶ

158 2216 366 2273 ἐφάνησαν
408 2216 706 2273 ἀληθεὺουσαι,
750 2215 786 2257 οἱ
828 2216 871 2256 δὲ
915 2215 1087 2273 ἀδελφοὶ
1118 2214 1347 2271 εὑρέθησαν
1379 2214 1603 2256 σκανδαλι-

159 2289 333 2341 ζόμενοι,
376 2284 477 2327 ὥστε
518 2287 661 2327 λοιπὸν
701 2287 773 2332 τὰς
815 2286 1047 2339 παρθένους
1089 2281 1217 2325 αὐτῶν
1246 2290 1375 2339 γῆμαι
1405 2284 1478 2324 καὶ
1509 2284 1602 2329 τοὺς

158 2354 309 2410 ἄνδρας
341 2354 406 2396 ἐπὶ
436 2357 506 2411 τὴν
535 2356 730 2409 γεωργίαν
760 2360 972 2410 χωρῆσαι·
1006 2350 1043 2394 οἱ
1074 2353 1118 2393 δὲ
1148 2350 1238 2407 εἰκῇ
1258 2353 1307 2393 τὰ
1330 2350 1480 2393 ἑαυτῶν
1503 2354 1602 2407 κτή-

159 2438 268 2477 ματα
298 2424 562 2479 πωλήσαντες
593 2421 823 2479 εὑρέθησαν
855 2419 1025 2478 ὕστερον.
1052 2420 1318 2468 ἐπαιτοῦντες.

273 2546 289 2577 7
319 2537 397 2586 εἰκῆ
417 2550 423 2569 ;
446 2537 517 2571 ἐκεῖ
542 2540 570 2570 Β
648 2548 686 2579 19
714 2547 730 2569 2
758 2538 822 2570 Th.
851 2546 881 2576 2,
909 2547 926 2569 2

1626 857 1658 875 10

1625 1199 1660 1224 Ι5

1626 1547 1659 1564 20

1625 1890 1658 1916 25

1624 2233 1657 2259 30
