1811 2876
96 1073 127 1090 10

100 1415 131 1440 15

104 1762 136 1780 20

109 2127 140 2152 ²5

111 2459 145 2485 30

762 111 943 134 Hll‘l’OLx'T
1527 109 1570 145 13

137 226 329 265 πλειόνων
362 224 426 263 τὸν
468 220 644 275 αριθμὸν
687 217 916 259 ἐπισκόπων
957 217 1184 270 συμψηφων
1224 213 1380 258 τοὺτοις
1421 209 1461 252 ἐν
1492 217 1575 257 τοῖς

138 293 360 348 δηλωθεῖσι
390 294 623 345 γράμμασιν
665 285 916 342 αυτόγραφοι
958 286 1146 339 φέρονται
1188 284 1445 337 σημειώσεις.
1506 280 1577 319 καὶ

136 377 186 402 τα
217 361 288 415 μὲν
319 361 425 400 κατὰ
457 359 620 404 τουτους
651 355 699 411 ἡν
731 361 908 396 τοιαῦτα.

720 619 1003 659 HIPPOLYT

255 719 379 766 Regfm.
412 717 544 753 haeres.
578 715 692 759 VIII,
732 725 789 762 19.
855 708 1020 763 ”Ετεροι
1051 707 1094 748 δέ
1125 709 1196 748 καὶ
1228 704 1340 746 αυτοὶ
1372 702 1582 758 αἱρετικῶ-

142 799 249 840 τεροι
278 786 348 839 τὴν
381 785 510 840 φυσιν,
544 780 707 835 Φρυγες
738 782 781 820 τὸ
813 782 941 831 γένος,
976 777 1283 832 προληφθέντες
1315 772 1391 814 υπὸ
1413 774 1583 825 γυναίων

142 853 380 910 ἠπάτην,ται
413 850 668 906 Πρισκίλλης
699 850 803 895 τινος
834 849 905 887 καὶ
936 845 1044 892 Mag«.
1049 845 1197 899 ·ίλλης
1228 843 1502 896 καλουμένων,
1535 841 1584 886 ἃς

144 921 398 980 προφήτιδας
448 921 689 975 νομίζουσιν,
736 916 775 957 ἐν
823 917 984 960 ταυταις
1031 916 1074 954 τὸ
1120 912 1383 966 παράκλητον
1428 923 1585 964 πνευμα

145 993 428 1048 κεχωρηκέναι
458 990 656 1040 λέγοντες,
698 988 768 1027 καί
799 999 883 1025 τινα
925 985 1002 1038 πρὸ
1035 980 1163 1022 αυτῶν
1196 979 1403 1021 Μοντανὸν
1436 977 1586 1033 ὁμοίως

147 1060 382 1107 δοξάζουσιν
404 1056 460 1104 ὡς
483 1060 706 1112 προφήτην,
740 1052 793 1094 ὧν
816 1054 981 1106 βίβλους
1003 1050 1196 1105 ἀπείρους
1217 1048 1381 1104 ἔχοντες
1403 1048 1586 1088 πλανῶν-

145 1143 222 1176 ται,
265 1131 364 1183 μήτε
404 1127 452 1166 τὰ
494 1122 560 1166 ὑπ’
603 1121 730 1165 αὐτῶν
771 1122 1035 1176 λελαλημένα
1081 1120 1188 1172 λόγῳ
1229 1119 1447 1172 κρίναντες,
1489 1118 1587 1170 μήτε

146 1204 229 1244 τοῖς
268 1202 400 1250 κρῖναι
440 1195 679 1248 δυναμένοις
724 1193 1010 1246 προσέχοντες,
1054 1186 1146 1228 αλλ’
1190 1185 1363 1240 ἀκρίτως
1402 1190 1449 1238 τῇ
1485 1185 1588 1237 πρὸς

150 1265 295 1312 αὐτοὺς
338 1266 464 1305 πίστει
504 1264 814 1318 προσφέρονται,
857 1259 994 1299 πλεῖόν
1036 1270 1071 1296 τι
1112 1254 1161 1295 δι’
1204 1252 1333 1295 αὐτῶν
1365 1256 1589 1309 φάσκοντες

153 1333 245 1390 [ὡς]
278 1332 564 1389 μεμαθηκέναι
595 1329 620 1386 ἢ
653 1328 700 1370 ἐκ
731 1332 856 1384 νόμου
888 1328 959 1367 καὶ
989 1330 1204 1380 προφητῶν
1236 1325 1305 1364 καὶ
1327 1319 1590 1373 τῶνευαγγε-

152 1405 260 1444 λίων.
302 1399 400 1456 ὑπὲρ
434 1400 476 1441 δὲ
508 1398 765 1444 ἀποστόλους
797 1398 867 1436 καὶ
898 1402 976 1436 πᾶν
1006 1397 1194 1450 χάρισμα
1224 1398 1349 1432 ταῦτα
1379 1392 1427 1430 τὰ
1448 1391 1591 1441 γυναια

151 1471 398 1518 δοξάζουσιν,
441 1467 495 1514 ὡς
536 1468 689 1522 τολμᾶν
730 1466 866 1506 πλεῖόν
907 1478 941 1503 τι
974 1462 1148 1517 Χριστοῦ
1190 1459 1228 1501 ἐν
1269 1460 1424 1505 τουτοις
1464 1459 1591 1509 λέγειν

151 1542 260 1587 τινὰς
291 1537 419 1580 αὐτῶν
449 1539 666 1590 γεγονέναι.
729 1532 837 1575 οὗτοι
867 1535 933 1573 τὸν
966 1533 1037 1587 μὲν
1068 1533 1224 1584 πατέρα
1253 1535 1328 1569 τῶν
1360 1526 1464 1568 ὅλων
1495 1529 1592 1567 θεὸν

151 1611 223 1650 καὶ
257 1611 413 1650 πάντων
444 1608 605 1660 κτίστην
639 1602 791 1658 ὁμοίως
822 1608 868 1657 τῇ
903 1600 1104 1656 ἐκκλησία.
1135 1597 1383 1653 ὁμολογοῦσι
1414 1598 1484 1636 καὶ
1515 1593 1594 1636 ὅσα

153 1680 196 1719 τὸ
238 1674 470 1729 εὐαγγέλιον
506 1675 601 1728 ,περὶ
639 1678 708 1713 τοῦ
739 1671 916 1726 Χριστοῦ
961 1674 1164 1725 μαρτυρεῖ,
1196 1668 1419 1712 καινίζουσι
1450 1664 1493 1704 δέ
1525 1679 1594 1719 νη-

156 1748 290 1793 στείας
320 1747 391 1785 καὶ
422 1742 566 1798 ἑορτὰς
597 1743 667 1783 καὶ
698 1741 950 1796 ξηροφαγίας
979 1740 1049 1779 καὶ
1081 1736 1393 1792 ραφανοφαγίας
1415 1737 1595 1789 φάσκον-

156 1830 219 1862 τες
259 1812 336 1856 {neb
380 1819 456 1853 τῶν
496 1813 666 1864 γυναίων
708 1809 967 1864 δεδιδάχθαι.
1039 1807 1139 1852 τινὲς
1181 1804 1224 1844 δὲ
1264 1801 1393 1844 αὐτῶν
1433 1809 1480 1856 τῇ
1521 1808 1595 1842 τῶν

157 1881 394 1939 Νοητιανῶν
438 1878 588 1935 αἱρέσει
630 1880 907 1933 συντιθέμενοι
948 1879 1013 1917 τὸν
1055 1878 1209 1928 πατέρα
1250 1871 1369 1913 αὐτὸν
1401 1869 1501 1911 εἶναι
1530 1872 1595 1911 τὸν

157 1950 240 1993 υἱὸν
271 1953 448 2003 λέγουσι,
490 1951 560 1989 καὶ
590 1954 728 1988 τοῦτον
760 1945 836 1986 υπὸ
868 1949 1019 1998 γένεσιν
1049 1945 1120 1984 καὶ
1152 1944 1288 1987 πάθος
1319 1942 1390 1981 καὶ
1420 1941 1597 1980 θάνατον

158 2019 416 2076 ἐληλυθέναι.

274 2102 321 2139 In
339 2101 489 2139 Daniel.
507 2100 576 2144 IV,
601 2100 659 2136 18.
715 2094 975 2150 Διηγησομαι
999 2094 1076 2146 γὰρ
1102 2093 1172 2132 καὶ
1197 2092 1240 2130 τὸ
1267 2090 1424 2144 συμβὰν
1453 2084 1499 2128 οὒ
1521 2088 1598 2141 πρὸ

161 2169 318 2210 πολλοῦ
333 2170 485 2224 χρόνου
507 2164 547 2207 ἐν
563 2172 610 2219 τῇ
629 2163 766 2218 Συρία.
799 2164 1006 2217 προεστὼς
1022 2163 1098 2215 γάρ
1115 2174 1172 2206 τις
1190 2165 1260 2214 τῆς
1278 2156 1361 2199 ἐκεῖ
1376 2156 1600 2211 ἐκκλησίας
1630 2165 1644 2179 ⁷

160 2239 231 2278 καὶ
275 2239 331 2292 μὴ
379 2234 563 2291 ἐμπόνως
595 2231 846 2288 ἐντυγχάνων
892 2236 979 2276 ταῖς
1024 2231 1159 2274 θείαις
1202 2232 1377 2282 γραφαῖς
1410 2224 1513 2280 μηδὲ
1553 2230 1599 2278 τῇ

163 2311 275 2361 φωνῇ
295 2309 364 2346 τοῦ
386 2305 527 2358 κυρίου
560 2301 857 2355 ἀκολουθήσας
879 2297 1093 2353 ἐπλανήθη
1116 2298 1187 2338 καὶ
1209 2293 1329 2341 αὐτὸς
1350 2295 1421 2334 καὶ
1441 2293 1601 2347 ἑτέρους

162 2373 399 2429 ἐπλάνησεν.
459 2377 527 2413 τοῦ
558 2373 636 2425 γὰρ
667 2371 806 2424 κυρίου
838 2366 1018 2413 εἰπόντος
1059 2364 1420 2420 ,,ἐξεγερθησονται
1454 2361 1604 2403 πολλοὶ

162 2443 447 2498 ψευδόχριστοι
468 2442 538 2481 καὶ
568 2438 900 2494 ψευδοπροφῆται
929 2436 1000 2476 καὶ
1030 2435 1228 2475 δώσουσιν
1259 2438 1408 2488 σημεῖα
1439 2432 1508 2472 καὶ
1538 2434 1602 2470 τέ-

278 2600 299 2631 4
323 2590 468 2630 ausgabe
492 2599 558 2620 von
583 2587 754 2619 Duucker-
758 2585 994 2618 Schneidewin
1068 2591 1106 2625 25
1141 2583 1285 2624 ausgabe
1311 2592 1376 2612 von
1402 2579 1605 2612 Bonwetsch

169 2644 207 2675 27
234 2633 388 2680 ἔμπορος
413 2636 441 2666 Β
513 2634 601 2674 29ff.
629 2634 692 2664 Mt.
722 2641 774 2673 24,
803 2640 853 2671 ²4-
883 2639 934 2671 23.
963 2629 1004 2660 26
