1795 2876
729 67 967 90 TERTULLIAN
1515 71 1561 107 31

241 175 302 212 Dc
331 176 469 212 arhor-l.
503 175 689 212 c‘asm'latis.
761 186 806 213 10
839 175 940 212 Item
972 187 1042 224 per
1073 182 1251 212 sanctam
1285 174 1567 223 prophetidem

126 233 299 271 Priscam
330 233 383 271 ita
411 233 714 282 evangelizatur,
747 234 858 281 quod
880 239 1040 269 sanctus
1063 232 1239 268 minister
1259 231 1566 269 sanctimoniam

124 290 280 328 noverit
310 290 543 327 ministrare.
595 290 956 327 Purificantia
988 290 1120 326 enim
1153 290 1470 334 concordat,
1503 289 1567 331 ait,

126 353 175 384 et
205 347 444 384 visiones
477 347 679 391 vident,
721 353 770 384 et
805 353 1070 395 ponentes
1102 347 1290 383 faciem
1323 347 1567 383 deorsum

93 404 286 446 setiam
329 416 487 441 voces
527 405 749 441 audiunt
790 404 1129 448 manifestas,
1171 411 1270 440 tam
1302 404 1566 440 salutares

127 473 278 510 quam
311 467 358 498 et
390 461 642 498 occultas.

241 529 301 566 De
320 530 431 578 suga.
493 540 517 577 o
550 529 738 578 Spiritum
781 541 874 566 vero
906 530 937 566 si
974 529 1170 573 consulas,
1203 529 1298 578 quid
1331 529 1454 577 magis
1486 539 1566 564 ser-

127 598 248 623 mone
279 586 345 623 illo
379 585 473 636 (scil.
506 587 623 623 timor
654 598 736 623 non
769 593 827 623 est
859 587 897 622 in
930 584 1161 635 dilectione>
1203 586 1362 635 spiritus
1393 585 1566 634 probat?

126 655 305 692 namque
351 655 492 680 omnes
533 655 664 692 paene
704 644 756 680 ad
798 644 1030 692 martyrium
1073 643 1344 687 exhortantur,
1391 654 1472 679 non
1515 642 1566 678 ad

78 711 110 728 ¹0
128 701 284 750 fugam;
327 707 370 737 ut
411 707 450 737 et
488 701 587 737 illius
629 712 1011 738 commemoremur:
1061 700 1383 745 Publicaris,
1430 699 1567 748 inquit,

126 758 319 794 bonum
361 757 456 794 tibi
495 763 591 804 est;
635 758 721 807 qui
754 759 888 794 enim
920 770 1021 794 non
1053 758 1364 806 publicatur
1395 757 1441 792 in
1475 757 1567 793 ho-

127 814 376 859 minibus,
408 815 717 863 publicatur
747 815 795 851 in
828 815 1054 851 domino.
1100 827 1159 852 ne
1194 813 1568 856 confundaris,

127 871 339 909 iustitia
371 878 419 908 te
441 872 694 920 producit
726 872 776 908 in
798 872 1033 909 medium.
1066 873 1192 921 quid
1214 870 1568 909 confunderis

127 929 340 966 laudem
371 929 579 966 ferens?
611 935 857 977 potestas
890 929 974 973 fit,
1007 941 1116 966 cum
1149 928 1484 977 conspiceris
1506 927 1566 963 ab

79 985 444 1023 rshominibus.
505 985 569 1023 Sic
601 993 640 1023 et
678 986 790 1022 alibi:
840 985 1021 1023 Nolite
1062 987 1111 1022 in
1144 986 1358 1023 lectulis
1396 985 1568 1022 necin

128 1042 414 1080 aborsibus
446 1048 494 1079 et
525 1043 771 1080 febribus
794 1043 1044 1079 mollibus
1067 1049 1256 1092 optare
1279 1043 1444 1086 exire,
1476 1041 1566 1079 sed

127 1100 178 1136 in
209 1099 502 1148 martyriis,
544 1100 618 1136 uti
649 1100 999 1148 glorificetur
1030 1100 1115 1148 qui
1148 1106 1226 1137 est
1256 1111 1445 1148 passus
1477 1110 1569 1147 pro

128 1156 290 1194 vobis.
322 1179 377 1182 —
407 1156 494 1205 Vgl.
527 1157 579 1193 de
615 1156 788 1194 anima
833 1167 905 1204 55:
949 1157 979 1193 si
1020 1169 1092 1205 pro
1129 1157 1220 1194 Deo
1261 1157 1488 1198 occumbas,
1530 1161 1571 1191 ut

128 1214 352 1263 paracletus
379 1220 529 1257 monet,
561 1225 645 1250 non
676 1214 725 1250 in
756 1214 1006 1251 mollibus
1040 1214 1280 1251 febribus
1313 1219 1351 1250 et
1383 1214 1430 1249 in
1461 1213 1568 1250 lec-

80 1271 281 1316 ²⁰tulis,
312 1271 404 1308 sed
435 1271 485 1306 in
516 1271 795 1320 martyriis.

250 1338 293 1364 11
331 1326 455 1374 Quod
486 1327 646 1377 (Ezech.
679 1338 742 1376 34,
777 1339 821 1375 23
851 1328 996 1378 Jerem.
1031 1339 1093 1376 23,
1132 1328 1167 1365 Γ)
1208 1340 1416 1377 nunquam
1447 1328 1570 1377 magis

129 1385 185 1430 fit,
217 1397 339 1434 quam
370 1397 461 1422 cum
493 1385 533 1421 in
563 1385 844 1434 persecutione
875 1385 1100 1422 destituitur
1132 1386 1296 1422 ecclesia
1325 1397 1348 1422 a
1379 1386 1494 1422 clero.
1537 1385 1567 1422 si

131 1449 170 1480 et
211 1442 390 1491 spiritum
433 1442 520 1491 quis
551 1442 769 1491 agnoverit,
813 1442 952 1479 audiet
982 1443 1166 1492 fugitivos
1199 1444 1472 1480 denotantem.

244 1510 340 1547 Adv.
362 1510 480 1547 Prax.
532 1522 546 1547 1
584 1510 701 1547 Idem
723 1509 930 1560 (Praxeas)
953 1516 1048 1548 tunc
1070 1512 1304 1560 episcopum
1328 1511 1568 1554 Romanum.

81 1583 112 1608 25
131 1574 418 1617 agnoscentem
458 1568 538 1604 iam
578 1568 811 1617 prophetias
844 1568 1029 1605 Montani
1062 1568 1219 1605 Priscae
1251 1568 1497 1605 Maximillae
1533 1575 1570 1604 et

131 1637 182 1662 ex
213 1636 262 1662 ea
291 1624 493 1674 agnitione
523 1637 666 1674 pacem
699 1626 872 1663 ecclesiis
894 1625 1014 1662 Asiae
1037 1632 1075 1662 et
1098 1626 1292 1675 Phrygiae
1322 1626 1570 1662 inferentem,

133 1682 232 1719 falsa
273 1683 325 1719 de
363 1682 458 1731 ipsis
498 1682 704 1731 prophetis
747 1689 786 1719 et
827 1682 1000 1720 ecclesiis
1041 1695 1178 1720 eorum
1221 1683 1500 1720 adseverando
1533 1689 1571 1719 et

130 1750 433 1788 praecessorum
465 1739 548 1776 eius
579 1740 836 1777 auctoritates
867 1740 1130 1777 defendendo
1171 1740 1300 1789 coegit
1342 1747 1380 1777 et
1426 1740 1571 1776 litteras

133 1795 242 1845 pacis
263 1807 451 1833 revocare
471 1797 550 1833 iam
573 1797 736 1834 emissas
759 1803 798 1834 et
817 1809 841 1834 a
858 1798 1066 1846 proposito
1082 1798 1403 1846 recipiendorum
1422 1796 1569 1834 charis-

86 1871 120 1896 30
138 1858 293 1890 matum
324 1864 569 1891 concessare.

249 1909 272 1947 8
305 1909 472 1947 Protulit
511 1910 617 1947 enim
649 1910 760 1947 Deus
801 1922 1040 1957 sermonem,
1073 1912 1419 1960 quemadmodum
1453 1911 1571 1948 etiarn

132 1967 356 2016 paracletus
398 1968 528 2012 docet,
569 1968 669 2004 sicut
699 1967 812 2004 radix
843 1968 1023 2006 fruticem
1056 1975 1094 2005 et
1125 1969 1215 2005 fons
1246 1969 1410 2005 fluvium
1443 1974 1482 2005 et
1513 1967 1569 2005 sol

132 2024 300 2061 radium.

248 2091 304 2129 30
335 2081 415 2118 Hic
452 2079 586 2131 (filius)
618 2081 773 2117 interim
804 2087 1015 2131 acceptum
1045 2094 1070 2119 a
1099 2088 1212 2131 patre
1244 2094 1388 2119 munus
1420 2083 1570 2125 effudit,

83 2144 115 2170 ³5
134 2137 314 2186 spiritum
343 2144 537 2183 sanctum,
568 2139 727 2175 tertium
758 2150 908 2176 nomen
930 2139 1144 2177 divinitatis
1168 2145 1205 2176 et
1226 2140 1383 2176 tertium
1403 2140 1570 2188 gradum

133 2194 361 2241 maiestatis,
401 2196 517 2232 unius
552 2195 873 2244 praedicatorem
905 2196 1172 2241 monarchiae,
1214 2197 1285 2233 sed
1317 2196 1572 2233 oikonomiae

135 2251 492 2301 interpretatorem.

249 2319 311 2356 De
338 2320 479 2356 anima.
516 2331 540 2368 c)
572 2333 668 2358 nam
699 2321 793 2370 quia
823 2321 1011 2370 spiritalia
1042 2322 1280 2359 charismata
1311 2321 1571 2369 agnoscimus,

84 2393 117 2418 40
134 2383 228 2425 post
258 2376 484 2414 Iohannem
522 2390 685 2427 quoque
720 2378 973 2427 prophetiam
1004 2379 1220 2416 meruimus
1251 2378 1453 2426 consequi.
1515 2384 1572 2414 est

254 2474 266 2496 1
295 2467 384 2508 Opp.
411 2467 464 2499 ed.
489 2466 615 2498 Oehler
637 2468 665 2505 Ι,
693 2475 756 2508 752
841 2475 857 2506 7
893 2468 984 2510 Opp.
1010 2469 1062 2499 ed.
1088 2468 1213 2499 Oehler
1237 2469 1263 2504 Ι,
1290 2468 1355 2508 478
1455 2466 1492 2497 18
1518 2466 1570 2497 ed.

135 2511 309 2542 Wissowa
333 2512 361 2549 Ι,
387 2511 452 2552 388
465 2513 487 2543 f.
584 2521 621 2543 21
651 2513 741 2554 Opp.
767 2513 820 2544 ed.
846 2513 972 2545 Oehler
997 2514 1024 2552 Ι,
1051 2514 1113 2554 481
1213 2521 1251 2554 25
1288 2514 1340 2544 ed.
1368 2513 1570 2551 Kroymann

136 2567 162 2588 s.
190 2564 222 2595 2,
251 2557 317 2588 1ff.
348 2565 399 2595 10,
427 2558 516 2597 19ff.
544 2565 598 2599 50,
623 2566 661 2598 31
679 2559 702 2589 f.
776 2566 818 2599 39
845 2558 934 2601 Opp.
961 2559 1014 2590 ed.
1039 2559 1215 2590 XVissowa
1240 2560 1267 2596 Ι,
1294 2567 1359 2599 310
